%% This BibTeX bibliography file was created using BibDesk.
%% http://bibdesk.sourceforge.net/


%% Saved with string encoding Western (ASCII)


% Political Science Ph.D Dissertation BibTeX %

% Democracy and War %

@Article{Adamo1999,
  author =  {Adamo, Carlo and Barone, Vincenzo},
  title =   {{Toward reliable density functional methods without adjustable parameters: The PBE0 model}},
  year =    {1999},
  volume =  {110},
  number =  {13},
  pages =   {6158-6170},
  journal = {The Journal of Chemical Physics}
}

@InCollection{Amador-Bedolla2013,
  author =    {Amador-Bedolla, C. and Olivares-Amaya, R. and Hachmann, J. and Aspuru-Guzik, A.},
  title =     {{Organic Photovoltaics}},
  booktitle = {{Informatics Mater. Sci. Eng. – Data-driven Discov. Accel. Exp. Appl.}},
  year =      {2013},
  editor =    {Rajan, K.},
  chapter =   {17},
  pages =     {423--442},
  address =   {Oxford}
}

@Article{Amrani2006,
  author =  {Amrani, B and Benmessabih, T and Tahiri, M and Chiboub, I and Hiadsi, S and Hamdache, F},
  title =   {First principles study of structural, elastic, electronic and optical properties of {CuCl, CuBr and CuI} compounds under hydrostatic pressure},
  year =    {2006},
  volume =  {381},
  number =  {1},
  pages =   {179-186},
  journal = {Physica B: Condensed Matter},
  type =    {Journal Article}
}

@Article{Ando2006,
  author =  {Ando, Shinji},
  title =   {{DFT calculations on refractive index dispersion of fluoro-compounds in the DUV-UV-visible region}},
  year =    {2006},
  volume =  {19},
  number =  {3},
  pages =   {351-360},
  journal = {Journal of Photopolymer Science and Technology},
  type =    {Journal Article}
}


@Book{askadski2003,
  author =    {Askadski{\u\i}, A.A.},
  title =     {Computational Materials Science of Polymers},
  year =      {2003},
  publisher = {Cambridge Int Science Publishing},
  lccn =      {2009659042}
}

@Article{Azam2013,
  author =   {Azam, S. and Reshak, A. H.},
  title =    {Electronic Structure of 1,3-dicarbomethoxy4,6-benzenedicarboxylic acid: Density Functional Approach},
  year =     {2013},
  volume =   {8},
  number =   {8},
  pages =    {10359-10375},
  journal =  {International Journal of Electrochemical Science},
  type =     {Journal Article}
}

@Article{Azim-Araghi2012,
  author =   {Azim-Araghi, M. E. and Baedi, J. and Goodarzi, L. M.},
  title =    {{Electrical and optical properties of an organic semiconductor metal-free phthalocyanine (C32H18N8)}},
  year =     {2012},
  volume =   {58},
  number =   {3},
  pages =    {30201},
  journal =  {European Physical Journal-Applied Physics},
  keywords = {thin-films cobalt phthalocyanine alpha cells},
  type =     {Journal Article}
}

@Book{Bicerano2002,
  author =    {Bicerano, J.},
  title =     {Prediction of Polymer Properties},
  year =      {2002},
  publisher = {CRC Press},
  type =      {Book}
}

@Article{cep01,
  author =  {S{\'{a}}nchez-Carrera, Roel S. and Atahan, Sule and Schrier, Joshua and Aspuru-Guzik, Al{\'{a}}n},
  title =   {Theoretical Characterization of the Air-Stable, High-Mobility Dinaphtho[2,3-b:2'3'-f]thieno[3,2-b]-thiophene Organic Semiconductor},
  year =    {2010},
  volume =  {114},
  number =  {5},
  pages =   {2334-2340},
  journal = {The Journal of Physical Chemistry C}
}

@Misc{chemhtps1,
  author = {Hachmann, J. and Evangelista, W. S. and Afzal, M. A. F.},
  title =  {{\textit{ChemHTPS} 0.6 -- An Automated Virtual High-Throughput Screening Program Suite for Chemical and Materials Data Generation}},
  year =   {2017},
  note =   {{https://bitbucket.org/hachmanngroup/chemhtps}}
}

@Misc{chemml1,
  author = {Hachmann, J. and Haghighatlari, M.},
  title =  {{\textit{ChemML} 0.9 -- A Machine Learning and Informatics Program Suite for Chemical and Materials Data Mining}},
  year =   {2017},
  note =   {{https://bitbucket.org/hachmanngroup/chemml}}
}

@Article{Dupuis1988,
  author =  {Villar, {H. O.} and M. Dupuis and Watts, {J. D.} and Hurst, {G. J B} and E. Clementi},
  title =   {{Structure, vibrational spectra, and IR intensities of polyenes from ab initio SCF calculations}},
  year =    {1988},
  volume =  {88},
  number =  {2},
  pages =   {1003--1009},
  journal = {Journal of Chemical Physics}
}

@Article{Griebel2014,
  author =   {Griebel, Jared J. and Namnabat, Soha and Kim, Eui Tae and Himmelhuber, Roland and Moronta, Dominic H. and Chung, Woo Jin and Simmonds, Adam G. and Kim, Kyung-Jo and van der Laan, John and Nguyen, Ngoc A. and Dereniak, Eustace L. and Mackay, Michael E. and Char, Kookheon and Glass, Richard S. and Norwood, Robert A. and Pyun, Jeffrey},
  title =    {New Infrared Transmitting Material via Inverse Vulcanization of Elemental Sulfur to Prepare High Refractive Index Polymers},
  year =     {2014},
  volume =   {26},
  number =   {19},
  pages =    {3014-3018},
  journal =  {Advanced Materials},
  keywords = {sulfur high refractive index polymers IR optics imaging},
  type =     {Journal Article}
}

@Article{Grimme2010,
  author =  {Grimme, Stefan and Antony, Jens and Ehrlich, Stephan and Krieg, Helge},
  title =   {{A consistent and accurate ab initio parametrization of density functional dispersion correction (DFT-D) for the 94 elements H-Pu}},
  year =    {2010},
  volume =  {132},
  number =  {15},
  pages =   {154104},
  journal = {The Journal of Chemical Physics}
}

@Article{Higashihara2015,
  author =   {Higashihara, Tomoya and Ueda, Mitsuru},
  title =    {Recent Progress in High Refractive Index Polymers},
  year =     {2015},
  volume =   {48},
  number =   {7},
  pages =    {1915-1929},
  journal =  {Macromolecules}
}

@Article{Huan2016,
  author =  {Huan, Tran Doan and Mannodi-Kanakkithodi, Arun and Kim, Chiho and Sharma, Vinit and Pilania, Ghanshyam and Ramprasad, Rampi},
  title =   {A polymer dataset for accelerated property prediction and design},
  year =    {2016},
  volume =  {3},
  pages =   {160012},
  journal = {Scientific Data}
}

@Article{Jensen1983,
  author =  {Jensen, Barbara and Torabi, Ahmad},
  title =   {Quantum theory of the dispersion of the refractive index near the fundamental absorption edge in compound semiconductors},
  year =    {1983},
  volume =  {19},
  number =  {3},
  pages =   {448-457},
  journal = {IEEE Journal of Quantum Electronics},
  type =    {Journal Article}
}

@Article{Jintoku2014,
  author =   {Jintoku, H. and Ihara, H.},
  title =    {{The simplest method for fabrication of high refractive index polymer-metal oxide hybrids based on a soap-free process}},
  year =     {2014},
  volume =   {50},
  number =   {73},
  pages =    {10611-10614},
  journal =  {Chemical Communications},
  type =     {Journal Article}
}

@Article{Kim2013,
  author =  {Kim, Jung-Bum and Lee, Jeong-Hwan and Moon, Chang-Ki and Kim, Sei-Yong and Kim, Jang-Joo},
  title =   {{Highly Enhanced Light Extraction from Surface Plasmonic Loss Minimized Organic Light-Emitting Diodes}},
  year =    {2013},
  volume =  {25},
  number =  {26},
  pages =   {3571-3577},
  journal = {Advanced Materials},
  type =    {Journal Article}
}

@Article{Kim2015,
  author =   {Kim, Eunhye and Cho, Hyunsu and Kim, Kyoohyun and Koh, Tae-Wook and Chung, Jin and Lee, Jonghee and Park, YongKeun and Yoo, Seunghyup},
  title =    {A Facile Route to Efficient, Low-Cost Flexible Organic Light-Emitting Diodes: Utilizing the High Refractive Index and Built-In Scattering Properties of Industrial-Grade {PEN} Substrates},
  year =     {2015},
  volume =   {27},
  number =   {9},
  pages =    {1624-1631},
  journal =  {Advanced Materials},
  keywords = {organic light-emitting diodes (OLEDs) light extraction high-refractive-index substrates bulk scattering polyethylene naphthalate (PEN)}
}

@Article{Kokubun1993,
  author =   {Y. Kokubun and N. Funato and M. Takizawa},
  title =    {Athermal waveguides for temperature-independent lightwave devices},
  year =     {1993},
  volume =   {5},
  number =   {11},
  month =    {Nov},
  pages =    {1297-1300},
  journal =  {IEEE Photonics Technology Letters},
  keywords = {frequency division multiplexing;multiplexing equipment;optical communication equipment;optical filters;optical polymers;optical waveguides;refractive index;FDM systems;athermal waveguides;central waveguide;filtering characteristics;narrowband optical filters;negative temperature coefficient;optical frequency-division multiplexing;optical path length;polymers;refractive index;temperature dependence;temperature-independent lightwave devices;temperature-independent optical waveguide;Frequency division multiplexing;Narrowband;Optical filters;Optical materials;Optical polymers;Optical refraction;Optical sensors;Optical variables control;Optical waveguides;Temperature dependence}
}

@Article{Ksianzou2006,
  author =   {Ksianzou, V. and Velagapudi, R. K. and Grimm, B. and Schrader, S.},
  title =    {Polarization-dependent optical characterization of poly(phenylquinoxaline) thin films},
  year =     {2006},
  volume =   {100},
  number =   {6},
  journal =  {Journal of Applied Physics},
  keywords = {PHENYLATED POLYQUINOXALINES COUPLER},
  type =     {Journal Article}
}

@Article{Lee2011,
  author =   {Lee, S. and Park, S. S.},
  title =    {Dielectric Properties of Organic Solvents from Non-Polarizable Molecular Dynamics Simulation with Electronic Continuum Model and Density Functional Theory},
  year =     {2011},
  volume =   {115},
  number =   {43},
  pages =    {12571-12576},
  journal =  {Journal of Physical Chemistry B},
  keywords = {empirical force-field computer-simulations refractive-index liquid water constant temperature proteins methanol permittivity solvation},
  type =     {Journal Article}
}

@Article{Lenz2011,
  author =   {Lenz, A. and Kariis, H. and Pohl, A. and Persson, P. and Ojamae, L.},
  title =    {{The electronic structure and reflectivity of PEDOT:PSS from density functional theory}},
  year =     {2011},
  volume =   {384},
  number =   {1-3},
  pages =    {44-51},
  journal =  {Chemical Physics},
  type =     {Journal Article}
}

@Article{Liu2008a,
  author =   {Liu, J. G. and Nakamura, Y. and Ogura, T. and Shibasaki, Y. and Ando, S. and Ueda, M.},
  title =    {{Optically transparent sulfur-containing polyimide-TiO(2) nanocomposite films with high refractive index and negative pattern formation from poly(amic acid)-TiO(2) nanocomposite film}},
  year =     {2008},
  volume =   {20},
  number =   {1},
  pages =    {273-281},
  journal =  {Chemistry of Materials},
  keywords = {aromatic dianhydrides soluble polyimides alicyclic dianhydride diazonaphthoquinone coefficients copolymers precursor generator polymers},
  type =     {Journal Article}
}

@Article{Liu2013,
  author =   {Liu, B. T. and Li, P. S.},
  title =    {{Preparation and characterization of high-refractive-index polymer/inorganic hybrid films containing TiO2 nanoparticles prepared by 4-aminobenzoic acid}},
  year =     {2013},
  volume =   {231},
  pages =    {301-306},
  journal =  {Surface \& Coatings Technology},
  keywords = {High refractive index TiO2 nanoparticles Chelating agent Epoxy THIN-FILMS RESIN NANOCOMPOSITES ADSORPTION COATINGS},
  type =     {Journal Article}
}

@Article{Lopez2016,
  author =  {Lopez, Steven A and Pyzer-Knapp, Edward O. and Simm, Gregor N and Lutzow, Trevor and Li, Kewei and Seress, Laszlo R and Hachmann, Johannes and Aspuru-Guzik, Al{\'{a}}n},
  title =   {{The Harvard organic photovoltaic dataset}},
  year =    {2016},
  volume =  {3},
  pages =   {160086},
  journal = {Sci. Data},
  pmid =    {27676312}
}

@Article{Lu2005,
  author =   {Lu, C. L. and Guan, C. and Liu, Y. F. and Cheng, Y. R. and Yang, B.},
  title =    {{PbS/polymer nanocomposite optical materials with high refractive index}},
  year =     {2005},
  volume =   {17},
  number =   {9},
  pages =    {2448-2454},
  journal =  {Chemistry of Materials},
  keywords = {NUCLEAR MAGNETIC-RESONANCE THIN-FILMS NANOPARTICLES NANOCRYSTALS POLYMERS SULFIDES},
  type =     {Journal Article}
}

@Article{Lu2012,
  author =   {Lu, Tian and Chen, Feiwu},
  title =    {Multiwfn: A multifunctional wavefunction analyzer},
  year =     {2012},
  volume =   {33},
  number =   {5},
  pages =    {580-592},
  journal =  {Journal of Computational Chemistry},
  keywords = {wavefunction analysis orbital composition population analysis real space function electron localization function}
}

@Article{Mannodi-Kanakkithodi2016,
  author =  {Mannodi-Kanakkithodi, Arun and Pilania, Ghanshyam and Huan, Tran Doan and Lookman, Turab and Ramprasad, Rampi},
  title =   {Machine Learning Strategy for Accelerated Design of Polymer Dielectrics},
  year =    {2016},
  volume =  {6},
  pages =   {20952},
  journal = {Scientific Reports}
}

@TechReport{NationalMaterials2011,
  author =               {{National Science and Technology Council}},
  title =                {{Materials Genome Initiative for Global Competitiveness}},
  institution =          {Washington, DC: National Science and Technology Council},
  year =                 {2011},
  citeulike-article-id = {11969800},
  citeulike-linkout-0 =  {http://www.whitehouse.gov/sites/default/files/microsites/ostp/materials\_genome\_initiative-final.pdf},
  keywords =             {nrc},
  posted-at =            {2013-01-29 18:48:54}
}

@Article{Neese2009,
  author =  {Neese, Frank},
  title =   {{Prediction of molecular properties and molecular spectroscopy with density functional theory: From fundamental theory to exchange-coupling}},
  year =    {2009},
  volume =  {253},
  number =  {5-6},
  pages =   {526--563},
  journal = {Coord. Chem. Rev.}
}

@Article{Neese2012,
  author =   {Neese, Frank},
  title =    {{The ORCA program system}},
  year =     {2012},
  volume =   {2},
  number =   {1},
  pages =    {73-78},
  journal =  {Wiley Interdisciplinary Reviews: Computational Molecular Science},
  type =     {Journal Article}
}

@Article{Nishiyama2009,
  author =   {Nishiyama, Hiroaki and Nishii, Junji and Mizoshiri, Mizue and Hirata, Yoshinori},
  title =    {Microlens arrays of high-refractive-index glass fabricated by femtosecond laser lithography},
  year =     {2009},
  volume =   {255},
  number =   {24},
  pages =    {9750-9753},
  journal =  {Applied Surface Science},
  keywords = {Femtosecond laser 3D surfaces Micromachining Microlens}
}

@Article{OBoyle2011,
  author =   {O'Boyle, Noel M. and Banck, Michael and James, Craig A. and Morley, Chris and Vandermeersch, Tim and Hutchison, Geoffrey R.},
  title =    {{Open Babel: An open chemical toolbox}},
  year =     {2011},
  volume =   {3},
  pages =    {33-33},
  journal =  {Journal of Cheminformatics},
  type =     {Journal Article}
}

@Article{Park2011,
  author =   {Park, S. S. and Lee, S. and Bae, J. Y. and Hagelberg, F.},
  title =    {Refractive indices of liquid-forming organic compounds by density functional theory},
  year =     {2011},
  volume =   {511},
  number =   {4-6},
  pages =    {466-470},
  journal =  {Chemical Physics Letters},
  keywords = {molecular-orbital methods ab-initio calculations 1st hyperpolarizability basis-sets polarizabilities benzene temperature dynamics lens},
  type =     {Journal Article}
}

@Article{Parke2013,
  author =   {Parke, L. and Hooper, I. R. and Hicken, R. J. and Dancer, C. E. J. and Grant, P. S. and Youngs, I. J. and Sambles, J. R. and Hibbins, A. P.},
  title =    {Heavily loaded ferrite-polymer composites to produce high refractive index materials at centimetre wavelengths},
  year =     {2013},
  volume =   {1},
  number =   {4},
  journal =  {APL Materials},
  keywords = {PERMEABILITY PERMITTIVITY DESIGN},
  type =     {Journal Article}
}

@Article{Pyzer-Knapp2015,
  author =   {Pyzer-Knapp, Edward O. and Suh, Changwon and G{\'{o}}mez-Bombarelli, Rafael and Aguilera-Iparraguirre, Jorge and Aspuru-Guzik, Al{\'{a}}n},
  title =    {What Is High-Throughput Virtual Screening? {A} Perspective from Organic Materials Discovery},
  year =     {2015},
  volume =   {45},
  number =   {1},
  month =    {jul},
  pages =    {195--216},
  journal =  {Annual Reviews of Materials Research},
  keywords = {big data,computational materials design}
}

@Article{Rabah2003,
  author =  {Rabah, M and Abbar, B and Al-Douri, Y and Bouhafs, B and Sahraoui, B},
  title =   {Calculation of structural, optical and electronic properties of {ZnS, ZnSe, MgS, MgSe} and their quaternary alloy {Mg$_{1-x}$Zn$_{x}$S$_{y}$Se$_{1-y}$}},
  year =    {2003},
  volume =  {100},
  number =  {2},
  pages =   {163-171},
  journal = {Materials Science and Engineering: B},
  type =    {Journal Article}
}

@Article{Rao2013,
  author =   {Rao, Z. F. and Zhou, R. F.},
  title =    {Electronic structure and optical properties of resin},
  year =     {2013},
  volume =   {105},
  pages =    {618-622},
  journal =  {Spectrochimica Acta Part a-Molecular and Biomolecular Spectroscopy},
  keywords = {Organics Amber Density of states Absorption First principles calculation ft-raman spectroscopy 1st principles copal resins amber 1st-principles},
  type =     {Journal Article}
}

@Article{Rappe1992,
  author =  {Rappe, A. K. and Casewit, C. J. and Colwell, K. S. and Goddard, W. A. and Skiff, W. M.},
  title =   {{UFF, a full periodic table force field for molecular mechanics and molecular dynamics simulations}},
  year =    {1992},
  volume =  {114},
  number =  {25},
  pages =   {10024-10035},
  journal = {Journal of the American Chemical Society}
}

@Article{Reshak2014,
  author =   {Reshak, A. H. and Khan, W.},
  title =    {Electronic structure, optical and thermoelectric transport properties of layered polyanionic hydrosulfate {LiFeSO4OH: Electrode for Li-ion batteries}},
  year =     {2014},
  volume =   {591},
  pages =    {362-369},
  journal =  {Journal of Alloys and Compounds},
  keywords = {Electronic structure Optical properties Thermoelectric properties Boltztrap code EVGGA PLANE-WAVE METHOD TRIPLITE STRUCTURE CATHODE MATERIAL 1ST PRINCIPLE BULK SOLIDS ENERGY EXCHANGE FE PERFORMANCE DISTORTION},
  type =     {Journal Article}
}

@Article{Robello2013,
  author =   {Robello, D. R.},
  title =    {Moderately high refractive index, low optical dispersion polymers with pendant diamondoids},
  year =     {2013},
  volume =   {127},
  number =   {1},
  pages =    {96-103},
  journal =  {Journal of Applied Polymer Science},
  type =     {Journal Article}
}

@Article{Rocquefelte2004,
  author =  {Rocquefelte, Xavier and Goubin, Fabrice and Koo, Hyun-Joo and Whangbo, Myung-Hwan and Jobic, Stephane},
  title =   {{Investigation of the origin of the empirical relationship between refractive index and density on the basis of first principles calculations for the refractive indices of various TiO2 phases}},
  year =    {2004},
  volume =  {43},
  number =  {7},
  pages =   {2246-2251},
  journal = {Inorganic chemistry},
  type =    {Journal Article}
}

@Article{Rowan2011,
  author =   {Rowan, C. K. and Paci, I.},
  title =    {Optical Properties of {Ag}/Polyvinylidene Fluoride Nanocomposites: A Theoretical Study},
  year =     {2011},
  volume =   {115},
  number =   {16},
  pages =    {8316-8324},
  journal =  {Journal of Physical Chemistry C},
  type =     {Journal Article}
}

@Article{scikit-learn,
  author =  {Pedregosa, F. and Varoquaux, G. and Gramfort, A. and Michel, V. and Thirion, B. and Grisel, O. and Blondel, M. and Prettenhofer, P. and Weiss, R. and Dubourg, V. and Vanderplas, J. and Passos, A. and Cournapeau, D. and Brucher, M. and Perrot, M. and Duchesnay, E.},
  title =   {Scikit-learn: Machine Learning in {P}ython},
  year =    {2011},
  volume =  {12},
  pages =   {2825--2830},
  journal = {Journal of Machine Learning Research}
}

@Article{Seto2010,
  author =   {Seto, R. and Sato, T. and Kojima, T. and Hosokawa, K. and Koyama, Y. and Konishi, G. I. and Takata, T.},
  title =    {9,9 '-Spirobifluorene-Containing Polycarbonates: Transparent Polymers with High Refractive Index and Low Birefringence},
  year =     {2010},
  volume =   {48},
  number =   {16},
  pages =    {3658-3667},
  journal =  {Journal of Polymer Science Part A-Polymer Chemistry},
  type =     {Journal Article}
}

@Article{Sharma2014,
  author =  {Sharma, Vinit and Wang, Chenchen and Lorenzini, Robert G. and Ma, Rui and Zhu, Qiang and Sinkovits, Daniel W. and Pilania, Ghanshyam and Oganov, Artem R. and Kumar, Sanat and Sotzing, Gregory A. and Boggs, Steven A. and Ramprasad, Rampi},
  title =   {Rational design of all organic polymer dielectrics},
  year =    {2014},
  volume =  {5},
  pages =   {4845},
  journal = {Nature Communications}
}

@InProceedings{Singaravalu2013,
  author =    {Singaravalu, S and Mayo, DC and Park, HK and Schriver, KE and Haglund, RF},
  title =     {{Anti-reflective polymer-nanocomposite coatings fabricated by RIR-MAPLE}},
  booktitle = {SPIE LASE},
  year =      {2013},
  volume =    {8607},
  publisher = {International Society for Optics and Photonics},
  pages =     {860718},
  type =      {Conference Proceedings}
}

@Article{Slonimskii1970,
  author =  {Slonimskii, GL and Askadskii, AA and Kitaigorodskii, AI},
  title =   {The packing of polymer molecules},
  year =    {1970},
  volume =  {12},
  number =  {3},
  pages =   {556-577},
  journal = {Polymer Science USSR},
  type =    {Journal Article}
}

@Article{Sokolov2011,
  author =  {Sokolov, Anatoliy N. and Atahan-Evrenk, Sule and Mondal, Rajib and Akkerman, Hylke B. and S{\'{a}}nchez-Carrera, Roel S. and Granados-Focil, Sergio and Schrier, Joshua and Mannsfeld, Stefan C.B. B and Zoombelt, Arjan P. and Bao, Zhenan and Aspuru-Guzik, Al{\'{a}}n},
  title =   {{From computational discovery to experimental characterization of a high hole mobility organic crystal.}},
  year =    {2011},
  volume =  {2},
  month =   {jan},
  pages =   {437},
  journal = {Nature Communication},
  pmid =    {21847111}
}

@Book{Sun2008,
  author =  {Sun, Sam-Shajing and Dalton, Larry R.},
  title =   {Introduction to Organic Electronic and Optoelectronic Materials and Devices (Optical Science and Engineering Series)},
  year =    {2008},
  address = {Boca Raton, FL, USA},
  publisher={CRC Press}
}

@Misc{Taletesrl2011,
  author = {{Talete srl}},
  title =  {{DRAGON (Software for Molecular Descriptor Calculation)}},
  year =   {2011},
  note =   {{http://www.talete.mi.it/index.htm}}
}

@Article{Ummartyotin2012,
  author =  {Ummartyotin, S and Juntaro, J and Sain, M and Manuspiya, H},
  title =   {{Development of transparent bacterial cellulose nanocomposite film as substrate for flexible organic light emitting diode (OLED) display}},
  year =    {2012},
  volume =  {35},
  number =  {1},
  pages =   {92-97},
  journal = {Industrial Crops and Products},
  type =    {Journal Article}
}

@Article{Voigt2011,
  author =  {Voigt, Anja and Ostrzinski, Ute and Pfeiffer, Karl and Kim, Joo Yeon and Fakhfouri, Vahid and Brugger, JÃ¼rgen and Gruetzner, Gabi},
  title =   {New inks for the direct drop-on-demand fabrication of polymer lenses},
  year =    {2011},
  volume =  {88},
  number =  {8},
  pages =   {2174-2179},
  journal = {Microelectronic Engineering},
  type =    {Journal Article}
}

@Article{Wei2016,
  author =   {H. Wei and S. Krishnaswamy},
  title =    {Direct Laser Writing Polymer Micro-Resonators for Refractive Index Sensors},
  year =     {2016},
  volume =   {28},
  number =   {24},
  month =    {Dec},
  pages =    {2819-2822},
  journal =  {IEEE Photonics Technology Letters}
}

@Article{Weigend2005,
  author =  {Weigend, Florian and Ahlrichs, Reinhart and Peterson, K. A. and Dunning, T. H. and Pitzer, R. M. and Bergner, A.},
  title =   {{Balanced basis sets of split valence, triple zeta valence and quadruple zeta valence quality for H to Rn: Design and assessment of accuracy}},
  year =    {2005},
  volume =  {7},
  number =  {18},
  month =   {aug},
  pages =   {3297},
  journal = {Physical Chemistry Chemical Physics}
}

@Misc{Xiang2017,
  author =    {Xiang, C. and Ma, R.},
  title =     {{Devices to increase OLED output coupling efficiency with a high refractive index substrate}},
  year =      {2017},
  note =      {{US Patent 9,640,781}},
  month =     may #{~2},
  url =       {https://www.google.com/patents/US9640781},
  publisher = {Google Patents}
}

@Article{Yu2007,
  author =   {Yu, X. L. and Yi, B. and Wang, X. Y.},
  title =    {Prediction of refractive index of vinyl polymers by using density functional theory},
  year =     {2007},
  volume =   {28},
  number =   {14},
  pages =    {2336-2341},
  journal =  {Journal of Computational Chemistry},
  keywords = {DFT polymer QSPR quantum chemical descriptors refractive index GLASS-TRANSITION TEMPERATURES LINEAR-POLYMERS QSPR MODEL},
  type =     {Journal Article}
}

@Article{Zeinalipour-Yazdi2008,
  author =   {Zeinalipour-Yazdi, C. D. and Pullman, D. P.},
  title =    {Quantitative structure - Property relationships for longitudinal, transverse, and molecular static polarizabilities in polyynes},
  year =     {2008},
  volume =   {112},
  number =   {25},
  pages =    {7377-7386},
  journal =  {Journal of Physical Chemistry B},
  type =     {Journal Article}
}

@Article{Zhao2003,
  author =   {Zhao, Yuan H. and Abraham, Michael H. and Zissimos, Andreas M.},
  title =    {Fast Calculation of van der {Waals} Volume as a Sum of Atomic and Bond Contributions and Its Application to Drug Compounds},
  year =     {2003},
  volume =   {68},
  number =   {19},
  pages =    {7368-7373},
  journal =  {The Journal of Organic Chemistry},
  type =     {Journal Article}
}

@Article{Zimmermann1993,
  author =   {Zimmermann, L. and Weibel, M. and Caseri, W. and Suter, U. W.},
  title =    {High refractive-index films of polymer nanocomposites},
  year =     {1993},
  volume =   {8},
  number =   {7},
  pages =    {1742-1748},
  journal =  {Journal of Materials Research},
  keywords = {THIN LIQUID-FILMS SEMICONDUCTOR PARTICLES SPIN EVAPORATION COMPOSITES STABILITY DYNAMICS},
  type =     {Journal Article}
}

@Article{ThejoKalyani2012,
  author =   {Thejo Kalyani, N. and Dhoble, S. J.},
  title =    {Organic light emitting diodes: Energy saving lighting technologyâ€”A review},
  journal =  {Renewable and Sustainable Energy Reviews},
  year =     {2012},
  volume =   {16},
  number =   {5},
  pages =    {2696-2723},
  keywords = {Luminescence OLEDs Energy saving Eco-friendly Fabrication technologies Rare earths Î²-diketonates Organic complexes Solid-state lighting},
  type =     {Journal Article},
}

@Article{Nakagawa2010,
  author =  {Nakagawa, Y. and Ogura, T. and Higashihara, T. and Ueda, M.},
  title =   {Optically transparent sulfur-containing semi-alicyclic polyimide with high refractive index},
  journal = {Abstracts of Papers of the American Chemical Society},
  year =    {2010},
  volume =  {240},
  type =    {Journal Article},
}


@Article{Sirringhaus2009,
  author =   {Sirringhaus, Henning},
  title =    {Materials and Applications for Solution-Processed Organic Field-Effect Transistors},
  journal =  {Proceedings of the IEEE},
  year =     {2009},
  volume =   {97},
  number =   {9},
  pages =    {1570-1579},
  type =     {Journal Article}
}

@Article{Liu2009,
  author =   {Liu, Jin-gang and Ueda, Mitsuru},
  title =    {High refractive index polymers: fundamental research and practical applications},
  journal =  {Journal of Materials Chemistry},
  year =     {2009},
  volume =   {19},
  number =   {47},
  pages =    {8907-8919},
  type =     {Journal Article}
}

@Article{Olivares-Amaya2011,
  author =   {Olivares-Amaya, Roberto and Amador-Bedolla, Carlos and Hachmann, Johannes and Atahan-Evrenk, Sule and S{\'{a}}nchez-Carrera, Roel S. and Vogt, Leslie and Aspuru-Guzik, Al{\'{a}}n},
  title =    {Accelerated computational discovery of high-performance materials for organic photovoltaics by means of cheminformatics},
  journal =  {Energy \& Environmental Science},
  year =     {2011},
  volume =   {4},
  number =   {12},
  pages =    {4849-4861},
  type =     {Journal Article}
}

@Article{ABRAHAM201519,
  author =   {Mark James Abraham and Teemu Murtola and Roland Schulz and Szil{\'{a}}rd P{\'{a}}ll and Jeremy C. Smith and Berk Hess and Erik Lindahl},
  title =    {GROMACS: High performance molecular simulations through multi-level parallelism from laptops to supercomputers},
  year =     {2015},
  volume =   {1-2},
  number =   {Supplement C},
  pages =    {19--25},
  issn =     {2352-7110},
  doi =      {https://doi.org/10.1016/j.softx.2015.06.001},
  journal =  {SoftwareX},
  keywords = {Molecular dynamics, GPU, SIMD, Free energy}
}

@Article{Afzal2017,
  author =  {Mohammad Atif Faiz Afzal and Chong Cheng and Johannes Hachmann},
  title =   {{Combining First-Principles and Data Modeling for the Accurate Prediction of the Refractive Index of Organic Polymers}},
  year =    {2017},
  month =   {9},
  doi =     {10.26434/chemrxiv.5446564.v1},
  journal = {ChemRxiv}
}

@InCollection{Amador-Bedolla2013,
  author =    {Amador-Bedolla, Carlos and Olivares-Amaya, Roberto and Hachmann, Johannes and Aspuru-Guzik, Al{\'{a}}n},
  title =     {{Organic Photovoltaics}},
  booktitle = {{Informatics for Materials Science and Engineering: Data-driven Discovery for Accelerated Experimentation and Application}},
  year =      {2013},
  editor =    {Rajan, Krishna},
  publisher = {Butterworth-Heinemann},
  isbn =      {012394399X},
  chapter =   {17},
  pages =     {423--442}
}


@Article{Behler2007,
  author =  {Behler, J{\"{o}}rg and Parrinello, Michele},
  title =   {{Generalized Neural-Network Representation of High-Dimensional Potential-Energy Surfaces}},
  year =    {2007},
  volume =  {98},
  number =  {14},
  month =   {apr},
  pages =   {146401},
  issn =    {0031-9007},
  doi =     {10.1103/PhysRevLett.98.146401},
  journal = {Physical Review Letters}
}

@Article{Blum2011,
  author =   {Blum, Lorenz C. and van Deursen, Ruud and Reymond, Jean-Louis},
  title =    {{Visualisation and subsets of the chemical universe database GDB-13 for virtual screening}},
  year =     {2011},
  volume =   {25},
  number =   {7},
  pages =    {637--647},
  doi =      {10.1007/s10822-011-9436-y},
  annote =   {Times Cited: 21 SI 0 21},
  isbn =     {0920-654X},
  journal =  {Journal of Computer-Aided Molecular Design}
}

@Misc{chembddb1,
  author = {Hachmann, Johannes and Agrawal, Supriya and Sonpal, Aditya and Vishwakarma, Gaurav and Sivaraj, Shrish},
  title =  {\textit{ChemBDDB} 0.2},
  year =   {2017}
}

@Misc{chemhtps1,
  author = {Hachmann, Johannes and Evangelista, William S. and Afzal, Mohammad Atif Faiz and Pal, Yudhajit},
  title =  {\textit{ChemHTPS} 0.7},
  year =   {2017}
}

@Misc{chemlg1,
  author = {Hachmann, Johannes and Afzal, Mohammad Atif Faiz},
  title =  {\textit{ChemLG} 0.5},
  year =   {2017}
}

@Misc{chemml1,
  author = {Hachmann, Johannes and Haghighatlari, Mojtaba},
  title =  {\textit{ChemML} 0.10},
  year =   {2017}
}

@MastersThesis{chingyen_msthesis,
  author = {Ching-Yen Shih},
  title =  {{Systematic trends in results from different density functional theory models}},
  year =   {2015},
  school = {University at Buffalo}
}

@Misc{chollet2015keras,
  author = {Chollet, Fran\c{c}ois and others},
  title =  {Keras},
  year =   {2015},
  note =   {Software available from https://github.com/fchollet/keras}
}

@Book{ChristopherMBishop,
  author =    {Bishop, Christopher M.},
  title =     {{Pattern Recognition and Machine Learning}},
  year =      {2006},
  publisher = {Springer},
  isbn =      {0387310738},
  keywords =  {Christopher M. Bishop}
}

@Article{Collins2017,
  author =        {Collins, Christopher R. and Gordon, Geoffrey J. and von Lilienfeld, O. Anatole and Yaron, David J.},
  title =         {{Constant Size Molecular Descriptors For Use With Machine Learning}},
  year =          {2017},
  doi =           {arXiv:1701.06649},
  journal =       {arXiv},
  keywords =      {descriptor},
  mendeley-tags = {descriptor}
}

@PhdThesis{dahl2015deep,
  author = {Dahl, George Edward},
  title =  {{Deep learning approaches to problems in speech recognition, computational chemistry, and natural language text processing}},
  year =   {2015},
  school = {University of Toronto}
}

@Article{Dobson2004,
  author =        {Dobson, Christopher M.},
  title =         {{Chemical space and biology}},
  year =          {2004},
  volume =        {432},
  number =        {7019},
  month =         {dec},
  pages =         {824--828},
  issn =          {0028-0836},
  annote =        {10.1038/nature03192},
  journal =       {Nature},
  keywords =      {CCS,Ramakrishnan2017},
  mendeley-tags = {CCS,Ramakrishnan2017},
  publisher =     {Nature Publishing Group}
}

@Article{doi:10.1021/cm503507h,
  author =  {Isayev, Olexandr and Fourches, Denis and Muratov, Eugene N. and Oses, Corey and Rasch, Kevin and Tropsha, Alexander and Curtarolo, Stefano},
  title =   {Materials Cartography: Representing and Mining Materials Space Using Structural and Electronic Fingerprints},
  year =    {2015},
  volume =  {27},
  number =  {3},
  pages =   {735-743},
  doi =     {10.1021/cm503507h},
  journal = {Chemistry of Materials}
}

@Article{Ferre2017,
  author =        {Ferr{\'{e}}, Gr{\'{e}}goire and Haut, Terry and Barros, Kipton},
  title =         {{Learning molecular energies using localized graph kernels}},
  year =          {2017},
  volume =        {146},
  number =        {11},
  pages =         {114107},
  issn =          {0021-9606},
  doi =           {10.1063/1.4978623},
  url =           {http://aip.scitation.org/doi/10.1063/1.4978623},
  file =          {:Users/mojtabahaghighatlari/Box Sync/Hachmann{\_}Group/6{\_}Mendeley/Output/Ferr{\'{e}}, Haut, Barros - 2017 - Learning molecular energies using localized graph kernels.pdf:pdf},
  journal =       {The Journal of Chemical Physics},
  keywords =      {descriptor,grape,kernel methods},
  mendeley-tags = {descriptor,grape,kernel methods}
}

@Article{Gunter2012,
  author =    {Gunter, Dan and Cholia, Shreyas and Jain, Anubhav and Kocher, Michael and Persson, Kristin and Ramakrishnan, Lavanya and Ong, Shyue Ping and Ceder, Gerbrand},
  title =     {{Community Accessible Datastore of High-Throughput Calculations: Experiences from the Materials Project}},
  year =      {2012},
  month =     {nov},
  pages =     {1244--1251},
  doi =       {10.1109/SC.Companion.2012.150},
  url =       {http://ieeexplore.ieee.org/xpl/articleDetails.jsp?arnumber=6495932 http://ieeexplore.ieee.org/lpdocs/epic03/wrapper.htm?arnumber=6495932},
  isbn =      {978-0-7695-4956-9},
  journal =   {2012 SC Companion: High Performance Computing, Networking Storage and Analysis},
  publisher = {Ieee}
}

@Article{Hachmann2011,
  author =   {Hachmann, Johannes and Olivares-Amaya, Roberto and Atahan-Evrenk, Sule and Amador-Bedolla, Carlos and S{\'{a}}nchez-Carrera, Roel S. and Gold-Parker, Aryeh and Vogt, Leslie and Brockway, Anna M. and Aspuru-Guzik, Al{\'{a}}n},
  title =    {{The Harvard Clean Energy Project: Large-scale computational screening and design of organic photovoltaics on the world community grid}},
  year =     {2011},
  volume =   {2},
  number =   {17},
  pages =    {2241--2251},
  journal =  {The Journal of Physical Chemistry Letters},
  type =     {Journal Article}
}

@Article{Hansen2013a,
  author =  {Hansen, Katja and Biegler, Franziska and Fazli, Siamac and Rupp, Matthias and Scheffler, Matthias and Lilienfeld, O. Anatole Von and Tkatchenko, Alexandre and M{\"{u}}ller, Klaus-Robert},
  title =   {{Assessment and Validation of Machine Learning Methods for Predicting Molecular Atomization Energies}},
  year =    {2013},
  volume =  {9},
  pages =   {3404–-3419},
  journal = {Journal of Chemical Theory and Computation}
}

@Article{Hansen2015b,
  author =   {Hansen, Katja and Biegler, Franziska and Ramakrishnan, Raghunathan and Pronobis, Wiktor and {Von Lilienfeld}, O. Anatole and M{\"{u}}ller, Klaus-Robert and Tkatchenko, Alexandre},
  title =    {{Machine learning predictions of molecular properties: Accurate many-body potentials and nonlocality in chemical space}},
  year =     {2015},
  volume =   {6},
  number =   {12},
  pages =    {2326--2331},
  issn =     {19487185},
  doi =      {10.1021/acs.jpclett.5b00831},
  isbn =     {9781627480031},
  journal =  {Journal of Physical Chemistry Letters},
  pmid =     {26113956}
}

@InCollection{Hartenfeller2011a,
  author =    {Hartenfeller, Markus and Schneider, Gisbert},
  title =     {{De Novo Drug Design}},
  booktitle = {Chemoinformatics and Computational Chemical Biology},
  year =      {2011},
  editor =    {Bajorath, J.},
  volume =    {672},
  isbn =      {1064-3745 978-1-60761-838-6},
  pages =     {299--323},
  doi =       {10.1007/978-1-60761-839-3_12},
  annote =    {Times Cited: 30},
  publisher={Humana Press}
}

@Article{Huan2015,
  author =   {Huan, Tran Doan and Mannodi-Kanakkithodi, Arun and Ramprasad, Rampi},
  title =    {{Accelerated materials property predictions and design using motif-based fingerprints}},
  year =     {2015},
  volume =   {92},
  number =   {1},
  pages =    {1--10},
  issn =     {1550235X},
  doi =      {10.1103/PhysRevB.92.014106},
  eprint =   {1503.07503v2},
  journal =  {Physical Review B}
}

@Article{Isayev2016,
  author =    {Isayev, Olexandr and Oses, Corey and Toher, Cormac and Gossett, Eric and Curtarolo, Stefano and Tropsha, Alexander},
  title =     {{Universal Fragment Descriptors for Predicting Electronic Properties of Inorganic Crystals}},
  year =      {2017},
  volume =    {8},
  pages =     {15679},
  issn =      {2041-1723},
  doi =       {10.1038/ncomms15679},
  journal =   {Nature Communications},
  pmid =      {28580961},
  publisher = {Nature Publishing Group}
}

@Article{Jintoku2014,
  author =   {Jintoku, H. and Ihara, H.},
  title =    {The simplest method for fabrication of high refractive index polymer-metal oxide hybrids based on a soap-free process},
  year =     {2014},
  volume =   {50},
  number =   {73},
  pages =    {10611-10614},
  journal =  {Chemical Communications},
  type =     {Journal Article}
}

@Article{Kim2015,
  author =   {Kim, Eunhye and Cho, Hyunsu and Kim, Kyoohyun and Koh, Tae-Wook and Chung, Jin and Lee, Jonghee and Park, YongKeun and Yoo, Seunghyup},
  title =    {A Facile Route to Efficient, Low-Cost Flexible Organic Light-Emitting Diodes: Utilizing the High Refractive Index and Built-In Scattering Properties of Industrial-Grade {PEN} Substrates},
  year =     {2015},
  volume =   {27},
  number =   {9},
  pages =    {1624-1631},
  journal =  {Advanced Materials}
}

@Article{Kirkpatrick2004,
  author =        {Kirkpatrick, Peter and Ellis, Clare},
  title =         {{Chemical space}},
  year =          {2004},
  volume =        {432},
  number =        {7019},
  month =         {dec},
  pages =         {823},
  issn =          {0028-0836},
  annote =        {10.1038/432823a},
  journal =       {Nature},
  keywords =      {CCS,Ramakrishnan2017},
  mendeley-tags = {CCS,Ramakrishnan2017},
  publisher =     {Nature Publishing Group}
}

@Article{Kokubun1993,
  author =   {Y. Kokubun and N. Funato and M. Takizawa},
  title =    {Athermal waveguides for temperature-independent lightwave devices},
  year =     {1993},
  volume =   {5},
  number =   {11},
  month =    {Nov},
  pages =    {1297-1300},
  journal =  {IEEE Photonics Technology Letters}
}

@Article{Korth2014,
  author =    {Korth, Martin},
  title =     {{Large-scale virtual high-throughput screening for the identification of new battery electrolyte solvents: evaluation of electronic structure theory methods}},
  year =      {2014},
  volume =    {16},
  number =    {17},
  pages =     {7919--7926},
  issn =      {1463-9084},
  doi =       {10.1039/c4cp00547c},
  journal =   {Physical Chemistry Chemical Physics},
  pmid =      {24647623},
  publisher = {Royal Society of Chemistry}
}

@Article{Kowalski1972,
  author =  {Kowalski, B. R. and Bender, C. F.},
  title =   {Pattern recognition. Powerful approach to interpreting chemical data},
  year =    {1972},
  volume =  {94},
  number =  {16},
  pages =   {5632--5639},
  journal = {Journal of the American Chemical Society}
}

@Article{LeBaillydeTilleghem2007,
  author =        {{Le Bailly de Tilleghem}, C{\'{e}}line and Govaerts, Bernadette},
  title =         {{A review of quantitative structure-activity relationship (QSAR) models}},
  year =          {2007},
  journal =       {Technical Report 07027, Universite catholique de Louvain},
  keywords =      {Hansen2013c,QSAR},
  mendeley-tags = {Hansen2013c,QSAR}
}

@Article{Lipinski2004,
  author =        {Lipinski, Christopher and Hopkins, Andrew},
  title =         {{Navigating chemical space for biology and medicine}},
  year =          {2004},
  volume =        {432},
  number =        {7019},
  month =         {dec},
  pages =         {855--861},
  issn =          {0028-0836},
  doi =           {10.1038/nature03193},
  isbn =          {0028-0836},
  journal =       {Nature},
  keywords =      {CCS,Ramakrishnan2017},
  mendeley-tags = {CCS,Ramakrishnan2017},
  pmid =          {15602551},
  publisher =     {Nature Publishing Group}
}

@Article{Lopez2016,
  author =  {Lopez, Steven A. and Pyzer-Knapp, Edward O. and Simm, Gregor N. and Lutzow, Trevor and Li, Kewei and Seress, Laszlo R. and Hachmann, Johannes and Aspuru-Guzik, Al{\'{a}}n},
  title =   {{The Harvard organic photovoltaic dataset}},
  year =    {2016},
  volume =  {3},
  pages =   {160086},
  journal = {Scientific Data},
  pmid =    {27676312}
}

@Misc{manprep,
  note = {Manuscripts in preparation}
}

@Article{Mansbach2015,
  author =    {Mansbach, Rachael A. and Ferguson, Andrew L.},
  title =     {{Machine learning of single molecule free energy surfaces and the impact of chemistry and environment upon structure and dynamics}},
  year =      {2015},
  volume =    {142},
  number =    {10},
  month =     {mar},
  pages =     {105101},
  issn =      {1089-7690},
  doi =       {10.1063/1.4914144},
  journal =   {The Journal of Chemical Physics},
  pmid =      {25770561},
  publisher = {AIP Publishing}
}

@Article{Manzhos2006,
  author =    {Manzhos, Sergei and Carrington, Tucker},
  title =     {{A random-sampling high dimensional model representation neural network for building potential energy surfaces}},
  year =      {2006},
  volume =    {125},
  number =    {8},
  month =     {aug},
  pages =     {084109},
  issn =      {0021-9606},
  doi =       {10.1063/1.2336223},
  journal =   {The Journal of Chemical Physics},
  pmid =      {16965003},
  publisher = {AIP Publishing}
}

@Article{Mueller2011,
  author =    {Mueller, Tim and Hautier, Geoffroy and Jain, Anubhav and Ceder, Gerbrand},
  title =     {{Evaluation of Tavorite-Structured Cathode Materials for Lithium-Ion Batteries Using High-Throughput Computing}},
  year =      {2011},
  volume =    {23},
  number =    {17},
  month =     {sep},
  pages =     {3854--3862},
  issn =      {0897-4756},
  doi =       {10.1021/cm200753g},
  journal =   {Chemistry of Materials},
  publisher = {American Chemical Society}
}

@Article{Muller2001,
  author =   {M{\"{u}}ller, K.-R. and Mika, S. and R{\"{a}}tsch, G. and Tsuda, K. and Sch{\"{o}}lkopf, B.},
  title =    {{An introduction to kernel-based learning algorithms.}},
  year =     {2001},
  volume =   {12},
  number =   {2},
  month =    {jan},
  pages =    {181--201},
  issn =     {1045-9227},
  doi =      {10.1109/72.914517},
  journal =  {IEEE Transactions on Neural Networks},
  pmid =     {18244377}
}

@Article{Muller2005,
  author =    {M{\"{u}}ller, Klaus-Robert and R{\"{a}}tsch, Gunnar and Sonnenburg, S{\"{o}}ren and Mika, Sebastian and Grimm, Michael and Heinrich, Nikolaus},
  title =     {{Classifying 'drug-likeness' with kernel-based learning methods}},
  journal={Journal of chemical information and modeling},
  year =      {2005},
  volume =    {45},
  number =    {2},
  month =     {jan},
  pages =     {249--253},
  issn =      {1549-9596},
  doi =       {10.1021/ci049737o},
  keywords =  {Artificial Intelligence,Chemical,Computer Simulation,Drug Design,Models},
  pmid =      {15807485},
  publisher = {American Chemical Society}
}

@Article{Nakamura2012,
  author =   {Nakamura, Masaomi and Hachiya, Tsuyoshi and Saito, Yutaka and Sato, Kengo and Sakakibara, Yasubumi},
  title =    {{An efficient algorithm for de novo predictions of biochemical pathways between chemical compounds}},
  year =     {2012},
  volume =   {13},
  pages =    {S8},
  doi =      {{0.1186/1471-2105-13-s17-s8}},
  isbn =     {1471-2105},
  journal =  {BMC Bioinformatics}
}

@TechReport{NationalMaterials2011,
  author =               {{National Science and Technology Council}},
  title =                {{Materials Genome Initiative for Global Competitiveness}},
  institution =          {Washington, DC: National Science and Technology Council},
  year =                 {2011},
  citeulike-article-id = {11969800},
  citeulike-linkout-0 =  {http://www.whitehouse.gov/sites/default/files/microsites/ostp/materials\_genome\_initiative-final.pdf},
  keywords =             {nrc},
  posted-at =            {2013-01-29 18:48:54}
}

@Article{Nilakantan1987,
  author =  {Nilakantan, Ramaswamy and Bauman, Norman and Dixon, J. Scott and Venkataraghavan, R.},
  title =   {Topological torsion: a new molecular descriptor for SAR applications. Comparison with other descriptors},
  year =    {1987},
  volume =  {27},
  number =  {2},
  pages =   {82--85},
  journal = {Journal of Chemical Information and Computer Sciences}
}

@Article{Nishiyama2009,
  author =   {Nishiyama, Hiroaki and Nishii, Junji and Mizoshiri, Mizue and Hirata, Yoshinori},
  title =    {Microlens arrays of high-refractive-index glass fabricated by femtosecond laser lithography},
  year =     {2009},
  volume =   {255},
  number =   {24},
  pages =    {9750-9753}
}

@Article{O'Boyle2011,
  author =   {O'Boyle, Noel M. and Banck, Michael and James, Craig A. and Morley, Chris and Vandermeersch, Tim and Hutchison, Geoffrey R.},
  title =    {Open Babel: An open chemical toolbox},
  year =     {2011},
  volume =   {3},
  number =   {1},
  month =    {Oct},
  pages =    {33},
  issn =     {1758-2946},
  doi =      {10.1186/1758-2946-3-33},
  day =      {07},
  journal =  {Journal of Cheminformatics}
}

@Article{OBoyle2016c,
  author =    {O'Boyle, Noel M. and Sayle, Roger A.},
  title =     {{Comparing structural fingerprints using a literature-based similarity benchmark}},
  year =      {2016},
  volume =    {8},
  number =    {1},
  pages =     {1--14},
  issn =      {17582946},
  doi =       {10.1186/s13321-016-0148-0},
  isbn =      {1332101601480},
  journal =   {Journal of Cheminformatics},
  pmid =      {27382417},
  publisher = {Springer}
}

@Article{Pedregosa2011a,
  author =  {Pedregosa, Fabian and Weiss, Ron and Brucher, Matthieu},
  title =   {{Scikit-learn : Machine Learning in Python}},
  year =    {2011},
  volume =  {12},
  pages =   {2825--2830},
  file =    {:Users/mojtabahaghighatlari/Box Sync/Hachmann{\_}Group/6{\_}Mendeley/Output/pedregosa11a.pdf:pdf},
  journal = {Journal of Machine Learning Research}
}

@Article{Pegg2001,
  author =   {Pegg, Scott C.-H. and Haresco, Jose J. and Kuntz, Irwin D.},
  title =    {A genetic algorithm for structure-based de novo design},
  year =     {2001},
  volume =   {15},
  number =   {10},
  month =    {Oct},
  pages =    {911--933},
  issn =     {1573-4951},
  doi =      {10.1023/A:1014389729000},
  day =      {01},
  journal =  {Journal of Computer-Aided Molecular Design}
}

@Article{PhysRevB.87.219902,
  author =    {Bart\'ok, Albert P. and Kondor, Risi and Cs\'anyi, G\'abor},
  title =     {On representing chemical environments},
  year =      {2013},
  volume =    {87},
  issue =     {18},
  month =     {May},
  pages =     {184115},
  doi =       {10.1103/PhysRevB.87.184115},
  url =       {https://link.aps.org/doi/10.1103/PhysRevB.87.184115},
  journal =   {Physical Review B},
  numpages =  {16},
  publisher = {American Physical Society}
}

@Article{Pilania2013,
  author =   {Pilania, Ghanshyam and Wang, Chenchen and Jiang, Xun and Rajasekaran, Sanguthevar and Ramprasad, Ramamurthy},
  title =    {{Accelerating materials property predictions using machine learning.}},
  year =     {2013},
  volume =   {3},
  month =    {jan},
  pages =    {2810},
  issn =     {2045-2322},
  doi =      {10.1038/srep02810},
  journal =  {Scientific Reports},
  pmid =     {24077117}
}

@Article{Potyrailo2011,
  author =    {Potyrailo, Radislav and Rajan, Krishna and Stoewe, Klaus and Takeuchi, Ichiro and Chisholm, Bret and Lam, Hubert},
  title =     {{Combinatorial and high-throughput screening of materials libraries: review of state of the art.}},
  year =      {2011},
  volume =    {13},
  number =    {6},
  month =     {nov},
  pages =     {579--633},
  issn =      {2156-8944},
  doi =       {10.1021/co200007w},
  url =       {http://dx.doi.org/10.1021/co200007w},
  journal =   {ACS Combinatorial Science},
  pmid =      {21644562},
  publisher = {American Chemical Society}
}

@Article{Proschak2009,
  author =  {Proschak, Ewgenij and Sander, Kerstin and Zettl, Heiko and Tanrikulu, Yusuf and Rau, Oliver and Schneider, Petra and Schubert-Zsilavecz, Manfred and Stark, Holger and Schneider, Gisbert},
  title =   {{From Molecular Shape to Potent Bioactive Agents II: Fragment-Based de novo Design}},
  year =    {2009},
  volume =  {4},
  number =  {1},
  pages =   {45--48},
  doi =     {10.1002/cmdc.200800314},
  file =    {::},
  isbn =    {1860-7179},
  journal = {ChemMedChem}
}

@Article{Pyzer-Knapp2015,
  author =   {Pyzer-Knapp, Edward O. and Suh, Changwon and G{\'{o}}mez-Bombarelli, Rafael and Aguilera-Iparraguirre, Jorge and Aspuru-Guzik, Al{\'{a}}n},
  title =    {What Is High-Throughput Virtual Screening? {A} Perspective from Organic Materials Discovery},
  year =     {2015},
  volume =   {45},
  number =   {1},
  month =    {jul},
  pages =    {195--216},
  journal =  {Annual Reviews of Materials Research},
  keywords = {big data,computational materials design}
}

@Book{Rajan2013,
  author =    {Rajan, Krishna},
  title =     {{Informatics for Materials Science and Engineering: Data-driven Discovery for Accelerated Experimentation and Application}},
  year =      {2013},
  publisher = {Butterworth-Heinemann},
  isbn =      {012394399X}
}

@InCollection{Ramakrishnan2017,
  author =        {Ramakrishnan, Raghunathan and von Lilienfeld, O. Anatole},
  title =         {{Machine Learning, Quantum Chemistry, and Chemical Space}},
  booktitle =     {Reviews in Computational Chemistry},
  year =          {2017},
  volume =        {30},
  publisher =     {John Wiley {\&} Sons},
  isbn =          {9781119356059},
  pages =         {225--256},
  doi =           {10.1002/9781119356059.ch5},
  mendeley-tags = {Ramakrishnan2017,review},
  month =         {apr}
}

@Misc{RDKit,
  title = {{RDKit: Open-source cheminformatics}},
  note =  {Software available from http://www.rdkit.org}
}

@Article{Reymond2012,
  author =   {Reymond, Jean-Louis and Ruddigkeit, Lars and Blum, Lorenz and van Deursen, Ruud},
  title =    {The enumeration of chemical space},
  year =     {2012},
  volume =   {2},
  number =   {5},
  pages =    {717-733},
  journal =  {Wiley Interdisciplinary Reviews-Computational Molecular Science},
  type =     {Journal Article}
}

@Article{Rodriguez2001,
  author =  {A. Rodri´guez and G. Vitrant and P. A. Chollet and F. Kajzar},
  title =   {Optical control of an integrated interferometer using a photochromic polymer},
  year =    {2001},
  volume =  {79},
  number =  {4},
  pages =   {461-463},
  journal = {Applied Physics Letters}
}

@Article{Ruddigkeit2012,
  author =   {Ruddigkeit, Lars and van Deursen, Ruud and Blum, Lorenz C. and Reymond, Jean-Louis},
  title =    {{Enumeration of 166 Billion Organic Small Molecules in the Chemical Universe Database GDB-17}},
  year =     {2012},
  volume =   {52},
  number =   {11},
  pages =    {2864--2875},
  doi =      {10.1021/ci300415d},
  annote =   {Times Cited: 47 0 49},
  file =     {::},
  isbn =     {1549-9596},
  journal =  {Journal of Chemical Information and Modeling}
}

@Article{Rupp2012,
  author =  {Rupp, Matthias and Tkatchenko, Alexandre and M{\"{u}}ller, Klaus-Robert and von Lilienfeld, O. Anatole},
  title =   {{Fast and Accurate Modeling of Molecular Atomization Energies with Machine Learning}},
  year =    {2012},
  volume =  {108},
  number =  {5},
  month =   {jan},
  pages =   {058301},
  issn =    {0031-9007},
  doi =     {10.1103/PhysRevLett.108.058301},
  journal = {Physical Review Letters}
}

@Article{Schneider2010,
  author =     {Schneider, Gisbert},
  title =      {{Virtual screening: an endless staircase?}},
  year =       {2010},
  volume =     {9},
  number =     {4},
  month =      {apr},
  pages =      {273--276},
  issn =       {1474-1784},
  doi =        {10.1038/nrd3139},
  journal =    {Nature Reviews Drug Discovery},
  pmid =       {20357802},
  publisher =  {Nature Publishing Group},
  shorttitle = {Nat Rev Drug Discov}
}

@Article{Schutt2016,
  author =   {Sch{\"{u}}tt, Kristof T. and Arbabzadah, Farhad and Chmiela, Stefan and M{\"{u}}ller, Klaus-Robert and Tkatchenko, Alexandre},
  title =    {{Quantum-Chemical Insights from Deep Tensor Neural Networks}},
  year =     {2017},
  volume =   {8},
  pages =    {13890},
  journal =  {Nature Communications}
}

@Article{Scior:2009-11,
  author =   {Scior, T. and Medina-Franco, J. L. and Do, Q.-T. and Martinez-Mayorga, K. and {Yunes Rojas}, J. A. and Bernard, P.},
  title =    {{How to Recognize and Workaround Pitfalls in QSAR Studies: A Critical Review}},
  year =     {2009},
  volume =   {16},
  number =   {32},
  pages =    {4297--4313},
  doi =      {doi:10.2174/092986709789578213},
  journal =  {Current Medicinal Chemistry}
}

@InCollection{Selassie2003,
  author =        {Selassie, C. D.},
  title =         {{History of Quantitative Structure-Activity Relationships}},
  booktitle =     {Burger's Medicinal Chemistry and Drug Discovery},
  year =          {2003},
  publisher =     {John Wiley {\&} Sons},
  isbn =          {9780471266945},
  pages =         {1--48},
  doi =           {10.1002/0471266949.bmc001},
  address =       {Hoboken, NJ},
  keywords =      {Hammett equation,Hansen2013c,QSAR,bilinear model,hydrophobicity,lateral validation,molar refraction,multiregression analysis,partition coefficient,phenol toxicity},
  mendeley-tags = {Hansen2013c,QSAR},
  month =         {jan}
}

@Article{Shao2014,
  author =    {Shao, Yihan and Gan, Zhengting and Epifanovsky, Evgeny and Gilbert, Andrew T.B. and Wormit, Michael and Kussmann, Joerg and Lange, Adrian W. and Behn, Andrew and Deng, Jia and Feng, Xintian and Ghosh, Debashree and Goldey, Matthew and Horn, Paul R. and Jacobson, Leif D. and Kaliman, Ilya and Khaliullin, Rustam Z. and Ku{\'{s}}, Tomasz and Landau, Arie and Liu, Jie and Proynov, Emil I. and Rhee, Young Min and Richard, Ryan M. and Rohrdanz, Mary A. and Steele, Ryan P. and Sundstrom, Eric J. and Woodcock, H. Lee and Zimmerman, Paul M. and Zuev, Dmitry and Albrecht, Ben and Alguire, Ethan and Austin, Brian and Beran, Gregory J. O. and Bernard, Yves A. and Berquist, Eric and Brandhorst, Kai and Bravaya, Ksenia B. and Brown, Shawn T. and Casanova, David and Chang, Chung-Min and Chen, Yunquing and Chien, Siu Hung and Closser, Kristina D. and Crittenden, Deborah L. and Diedenhofen, Michael and DiStasio, Robert A. and Do, Hainam and Dutoi, Anthony D. and Edgar, Richard G. and Fatehi, Shervin and Fusti-Molnar, Laszlo and Ghysels, An and Golubeva-Zadorozhnaya, Anna and Gomes, Joseph and Hanson-Heine, Magnus W.D. and Harbach, Philipp H.P. and Hauser, Andreas W. and Hohenstein, Edward G. and Holden, Zachary C. and Jagau, Thomas-C. and Ji, Hyunjun and Kaduk, Ben and Khistyaev, Kirill and Kim, Jaehoon and Kim, Jihan and King, Rollin A. and Klunzinger, Phil and Kosenkov, Dmytro and Kowalczyk, Tim and Krauter, Caroline M. and Lao, Ka Un and Laurent, Ad{\`{e}}le and Lawler, Keith V. and Levchenko, Sergey V. and Lin, Ching Yeh and Liu, Fenglai and Livshits, Ester and Lochan, Rohini C. and Luenser, Arne and Manohar, Prashant and Manzer, Samuel F. and Mao, Shan-Ping and Mardirossian, Narbe and Marenich, Aleksandr V. and Maurer, Simon A. and Mayhall, Nicholas J. and Neuscamman, Eric and Oana, C. Melania and Olivares-Amaya, Roberto and O'Neill, Darragh P. and Parkhill, John A. and Perrine, Trilisa M. and Peverati, Roberto and Prociuk, Alexander and Rehn, Dirk R. and Rosta, Edina and Russ, Nicholas J. and Sharada, Shaama M. and Sharma, Sandeep and Small, David W. and Sodt, Alexander and Stein, Tamar and St{\"{u}}ck, David and Su, Yu-Chuan and Thom, Alex J.W. and Tsuchimochi, Takashi and Vanovschi, Vitalii and Vogt, Leslie and Vydrov, Oleg and Wang, Tao and Watson, Mark A. and Wenzel, Jan and White, Alec and Williams, Christopher F. and Yang, Jun and Yeganeh, Sina and Yost, Shane R. and You, Zhi-Qiang and Zhang, Igor Ying and Zhang, Xing and Zhao, Yan and Brooks, Bernard R. and Chan, Garnet K.L. and Chipman, Daniel M. and Cramer, Christopher J. and Goddard, William A. and Gordon, Mark S. and Hehre, Warren J. and Klamt, Andreas and Schaefer, Henry F. and Schmidt, Michael W. and Sherrill, C. David and Truhlar, Donald G. and Warshel, Arieh and Xu, Xin and Aspuru-Guzik, Al{\'{a}}n and Baer, Roi and Bell, Alexis T. and Besley, Nicholas A. and Chai, Jeng-Da and Dreuw, Andreas and Dunietz, Barry D. and Furlani, Thomas R. and Gwaltney, Steven R. and Hsu, Chao-Ping and Jung, Yousung and Kong, Jing and Lambrecht, Daniel S. and Liang, WanZhen and Ochsenfeld, Christian and Rassolov, Vitaly A. and Slipchenko, Lyudmila V. and Subotnik, Joseph E. and {Van Voorhis}, Troy and Herbert, John M. and Krylov, Anna I. and Gill, Peter M.W. and Head-Gordon, Martin},
  title =     {{Advances in molecular quantum chemistry contained in the Q-Chem 4 program package}},
  year =      {2015},
  language =  {en},
  volume =    {113},
  month =     {sep},
  pages =     {184--215},
  issn =      {0026-8976},
  doi =       {10.1080/00268976.2014.952696},
  journal =   {Molecular Physics},
  publisher = {Taylor {\&} Francis}
}

@InProceedings{Singaravalu2013,
  author =    {Singaravalu, S. and Mayo, D.C. and Park, H.K. and Schriver, K.E. and Haglund, R.F.},
  title =     {{Anti-reflective polymer-nanocomposite coatings fabricated by RIR-MAPLE}},
  booktitle = {SPIE LASE},
  year =      {2013},
  volume =    {8607},
  publisher = {International Society for Optics and Photonics},
  pages =     {860718},
  type =      {Conference Proceedings}
}

@Article{Snyder2012,
  author =  {Snyder, John C. and Rupp, Matthias and Hansen, Katja and M{\"{u}}ller, Klaus-Robert and Burke, Kieron},
  title =   {{Finding Density Functionals with Machine Learning}},
  year =    {2012},
  volume =  {108},
  number =  {25},
  month =   {jun},
  pages =   {253002},
  issn =    {0031-9007},
  doi =     {10.1103/PhysRevLett.108.253002},
  journal = {Physical Review Letters}
}

@Article{Sokolov2011,
  author =  {Sokolov, Anatoliy N. and Atahan-Evrenk, Sule and Mondal, Rajib and Akkerman, Hylke B. and S{\'{a}}nchez-Carrera, Roel S. and Granados-Focil, Sergio and Schrier, Joshua and Mannsfeld, Stefan C.B. B and Zoombelt, Arjan P. and Bao, Zhenan and Aspuru-Guzik, Al{\'{a}}n},
  title =   {{From computational discovery to experimental characterization of a high hole mobility organic crystal.}},
  year =    {2011},
  volume =  {2},
  month =   {jan},
  pages =   {437},
  journal = {Nature Communication},
  pmid =    {21847111}
}

@Article{Stevanovic2014,
  author =    {Stevanovi{\'{c}}, Vladan and Lany, Stephan and Ginley, David S. and Tumas, Willam and Zunger, Alex},
  title =     {{Assessing capability of semiconductors to split water using ionization potentials and electron affinities only}},
  year =      {2014},
  language =  {en},
  volume =    {16},
  number =    {8},
  month =     {feb},
  pages =     {3706--3714},
  issn =      {1463-9084},
  doi =       {10.1039/c3cp54589j},
  journal =   {Physical Chemistry Chemical Physics},
  pmid =      {24419486},
  publisher = {Royal Society of Chemistry}
}

@Article{Sykora2008,
  author =   {Sykora, Vladimir J. and Leahy, David E.},
  title =    {{Chemical Descriptors Library (CDL): a generic, open source software library for chemical informatics.}},
  year =     {2008},
  volume =   {48},
  number =   {10},
  month =    {oct},
  pages =    {1931--1942},
  issn =     {1549-9596},
  doi =      {10.1021/ci800135h},
  journal =  {Journal of Chemical Information and Modeling},
  keywords = {Algorithms,Chemistry,Chemistry: instrumentation,Databases as Topic,Informatics,Pharmacology,Programming Languages,Software,Subject Headings},
  pmid =     {18803371}
}

@Misc{Taletesrl2011,
  author =    {{Talete srl}},
  title =     {{DRAGON (Software for Molecular Descriptor Calculation)}},
  year =      {2011},
  booktitle = {http://www.talete.mi.it/index.htm,2011}
}

@Misc{tensorflow2015-whitepaper,
  title =  { {TensorFlow}: Large-Scale Machine Learning on Heterogeneous Systems},
  year =   {2015},
  note =   {Software available from tensorflow.org}
}

@Book{Todeschini2000,
  author =    {Todeschini, Roberto and Consonni, Viviana and Mannhold, Raimund and Kubinyi, Hugo and Timmerman, Hendrik},
  title =     {{Handbook of Molecular Descriptors}},
  year =      {2000},
  publisher = {Wiley-VCH},
  isbn =      {3527299130}
}

@Article{Ummartyotin2012,
  author =  {Ummartyotin, S. and Juntaro, J. and Sain, M. and Manuspiya, H.},
  title =   {{Development of transparent bacterial cellulose nanocomposite film as substrate for flexible organic light emitting diode (OLED) display}},
  year =    {2012},
  volume =  {35},
  number =  {1},
  pages =   {92--97},
  journal = {Industrial Crops and Products},
  type =    {Journal Article}
}

@Article{Voigt2011,
  author =  {Voigt, Anja and Ostrzinski, Ute and Pfeiffer, Karl and Kim, Joo Yeon and Fakhfouri, Vahid and Brugger, JÃ¼rgen and Gruetzner, Gabi},
  title =   {New inks for the direct drop-on-demand fabrication of polymer lenses},
  year =    {2011},
  volume =  {88},
  number =  {8},
  pages =   {2174-2179},
  journal = {Microelectronic Engineering},
  type =    {Journal Article}
}

@Article{Wang2011,
  author =  {Wang, Shidong and Wang, Zhao and Setyawan, Wahyu and Mingo, Natalio and Curtarolo, Stefano},
  title =   {{Assessing the Thermoelectric Properties of Sintered Compounds via High-Throughput Ab-Initio Calculations}},
  year =    {2011},
  volume =  {1},
  number =  {2},
  month =   {nov},
  pages =   {021012},
  issn =    {2160-3308},
  doi =     {10.1103/PhysRevX.1.021012},
  journal = {Physical Review X}
}

@Article{Ward2016,
  author =   {Ward, Logan and Agrawal, Ankit and Choudhary, Alok and Wolverton, Christopher},
  title =    {{A general-purpose machine learning framework for predicting properties of inorganic materials}},
  year =     {2016},
  volume =   {2},
  number =   {1},
  pages =    {16028},
  issn =     {2057-3960},
  doi =      {10.1038/npjcompumats.2016.28},
  journal =  {npj Computational Materials}
}

@Article{Wei2016,
  author =   {H. Wei and S. Krishnaswamy},
  title =    {Direct Laser Writing Polymer Micro-Resonators for Refractive Index Sensors},
  year =     {2016},
  volume =   {28},
  number =   {24},
  month =    {Dec},
  pages =    {2819-2822},
  journal =  {IEEE Photonics Technology Letters}
}

@Article{Wen2012,
  author =    {Wen, Shuhao and Nanda, Kaushik and Huang, Yuanhang and Beran, Gregory J. O.},
  title =     {{Practical quantum mechanics-based fragment methods for predicting molecular crystal properties}},
  year =      {2012},
  language =  {en},
  volume =    {14},
  number =    {21},
  month =     {jun},
  pages =     {7578--7590},
  issn =      {1463-9084},
  doi =       {10.1039/c2cp23949c},
  isbn =      {10.1039/C2CP23949C},
  journal =   {Physical Chemistry Chemical Physics},
  pmid =      {22322906},
  publisher = {The Royal Society of Chemistry}
}

@Article{White2013,
  author =  {White, Ashley A.},
  title =   {{Big data are shaping the future of materials science}},
  year =    {2013},
  volume =  {38},
  number =  {August},
  pages =   {594--595},
  file =    {::},
  journal = {MRS Bulletin}
}

@Article{Wilmer2012,
  author =   {Wilmer, Christopher E. and Leaf, Michael and Lee, Chang Yeon and Farha, Omar K. and Hauser, Brad G. and Hupp, Joseph T. and Snurr, Randall Q.},
  title =    {{Large-scale screening of hypothetical metal-organic frameworks}},
  year =     {2012},
  volume =   {4},
  number =   {2},
  month =    {feb},
  pages =    {83--89},
  issn =     {1755-4349},
  doi =      {10.1038/nchem.1192},
  journal =  {Nature Chemistry},
  pmid =     {22270624}
}

@Misc{Xiang2017,
  author =    {Xiang, Chaoyu and Ma, Ruiqing},
  title =     {{Devices to increase OLED output coupling efficiency with a high refractive index substrate}},
  year =      {2017},
  note =      {{US Patent 9,640,781}},
  month =     may #{~2},
  url =       {https://www.google.com/patents/US9640781},
  publisher = {Google Patents}
}

@MastersThesis{yujie_msthesis,
  author = {Yujie Tian},
  title =  {{Inheritance of molecular orbital energies from monomer building blocks to larger copolymers in organic semiconductors}},
  year =   {2016},
  school = {University at Buffalo}
}

@Article{Zvinavashe2008,
  author =        {Zvinavashe, Elton and Murk, Albertinka J. and Rietjens, Ivonne M. C. M.},
  title =         {{Promises and pitfalls of quantitative structure-activity relationship approaches for predicting metabolism and toxicity}},
  year =          {2008},
  volume =        {21},
  number =        {12},
  month =         {dec},
  pages =         {2229--2236},
  issn =          {0893-228X},
  doi =           {10.1021/tx800252e},
  journal =       {Chemical Research in Toxicology},
  mendeley-tags = {pitfalls in QSAR},
  pmid =          {19548346},
  publisher =     {American Chemical Society}
}

@book{Atkins2011,
   author = {Atkins, P.W. and Friedman, R.S.},
   title = {Molecular Quantum Mechanics},
   publisher = {OUP Oxford},
   ISBN = {9780199541423},
   url = {http://books.google.com/books?id=9k-cAQAAQBAJ},
   year = {2011},
   type = {Book}
}

@Article{Isborn2007,
  author =   {Isborn, C. M. and Leclercq, A. and Vila, F. D. and Dalton, L. R. and BrÃ©das, J. L. and Eichinger, B. E. and Robinson, B. H.},
  title =    {Comparison of Static First Hyperpolarizabilities Calculated with Various Quantum Mechanical Methods},
  journal =  {The Journal of Physical Chemistry A},
  year =     {2007},
  volume =   {111},
  number =   {7},
  pages =    {1319-1327},
  type =     {Journal Article}
}


@Article{Alexandridis2012,
  author =   {Alexandridis, Alex and Chondrodima, Eva and Moutzouris, Konstantinos and Triantis, Dimos},
  title =    {A neural network approach for the prediction of the refractive index based on experimental data},
  year =     {2012},
  volume =   {47},
  number =   {2},
  pages =    {883-891},
  note =     {Times Cited: 2 0 2},
  issn =     {0022-2461},
  doi =      {10.1007/s10853-011-5868-y},
  journal =  {Journal of Materials Science},
  type =     {Journal Article}
}

@Article{Bhagat2012,
  author =   {Bhagat, S. D. and Chatterjee, J. and Chen, B. H. and Stiegman, A. E.},
  title =    {High Refractive Index Polymers Based on Thiol-Ene Cross-Linking Using Polarizable Inorganic/Organic Monomers},
  year =     {2012},
  volume =   {45},
  number =   {3},
  pages =    {1174-1181},
  note =     {Times Cited: 17 Bhagat, Sharad D. Chatterjee, Jhunu Chen, Banghao Stiegman, A. E. 17},
  issn =     {0024-9297},
  doi =      {10.1021/ma202467a},
  journal =  {Macromolecules},
  keywords = {CHEMISTRY NETWORKS KINETICS PHOTOPOLYMERIZATIONS POLYMERIZATION ELECTRONEGATIVITY PHOTOINITIATORS INITIATION MECHANISM GEL},
  type =     {Journal Article}
}

@Book{Bicerano2002,
  author =    {Bicerano, J.},
  title =     {Prediction of Polymer Properties},
  year =      {2002},
  publisher = {Taylor \& Francis},
  isbn =      {9780203910115},
  url =       {http://books.google.com/books?id=5L1USsiq6KcC},
  type =      {Book}
}

@Article{Gazzo2016,
  author =   {Gazzo, S. and Manfredi, G. and Potzsch, R. and Wei, Q. and Alloisio, M. and Voit, B. and Comoretto, D.},
  title =    {High Refractive Index Hyperbranched Polyvinylsulfides for Planar One-Dimensional All-Polymer Photonic Crystals},
  year =     {2016},
  volume =   {54},
  number =   {1},
  pages =    {73-80},
  journal =  {Journal of Polymer Science Part B-Polymer Physics}
}

@Article{Holder2006,
  author =   {Holder, A. J. and Ye, L. and Eick, J. D. and Chappelow, C. C.},
  title =    {A quantum-mechanical QSAR model to predict the refractive index of polymer matrices},
  year =     {2006},
  volume =   {25},
  number =   {10},
  pages =    {905-911},
  note =     {Times Cited: 9 Holder, Andrew J. Ye, Lin Eick, J. David Chappelow, Cecil C. 9},
  issn =     {1611-020X},
  doi =      {10.1002/qsar.200510203},
  journal =  {Qsar \& Combinatorial Science},
  keywords = {computational chemistry optics semiempirical calculations structure-activity relationships structure-property relationships GLASS-TRANSITION TEMPERATURES HOMOPOLYMERIZATION AM1},
  type =     {Journal Article}
}

@Article{Huang2016,
  author =   {Huang, T. T. and Tsai, C. L. and Tateyama, S. and Kaneko, T. and Liou, G. S.},
  title =    {Highly transparent and flexible bio-based polyimide/TiO2 and ZrO2 hybrid films with tunable refractive index, Abbe number, and memory properties},
  year =     {2016},
  volume =   {8},
  number =   {25},
  pages =    {12793-12802},
  journal =  {Nanoscale}
}

@Article{Hurst1988,
  author =  {Hurst, Graham J. B. and Dupuis, Michel and Clementi, Enrico},
  title =   {Abinitio analytic polarizability, first and second hyperpolarizabilities of large conjugated organic molecules: Applications to polyenes C4H6 to C22H24},
  year =    {1988},
  volume =  {89},
  number =  {1},
  pages =   {385-395},
  journal = {The Journal of Chemical Physics}
}

@Article{Javadi2013,
  author =   {Javadi, Ali and Shockravi, Abbas and Kamali, Mahmood and Rafieimanesh, Atefeh and Malek, Ali M.},
  title =    {Solution processable polyamides containing thiazole units and thioether linkages with high optical transparency, high refractive index, and low birefringence},
  year =     {2013},
  volume =   {51},
  number =   {16},
  pages =    {3505-3515},
  issn =     {1099-0518},
  doi =      {10.1002/pola.26752},
  journal =  {Journal of Polymer Science Part A: Polymer Chemistry},
  keywords = {high performance polymers highly refractive polyamides thiazole transparency},
  type =     {Journal Article}
}

@Article{Lei2014,
  author =   {Lei, T. and Wang, J. Y. and Pei, J.},
  title =    {Roles of Flexible Chains in Organic Semiconducting Materials},
  year =     {2014},
  volume =   {26},
  number =   {1},
  pages =    {594-603},
  issn =     {0897-4756},
  doi =      {10.1021/cm4018776},
  journal =  {Chemistry of Materials},
  keywords = {organic materials organic semiconducting materials flexible chain effect alkyl chain effect FIELD-EFFECT TRANSISTORS THIN-FILM TRANSISTORS CIRCULARLY-POLARIZED ELECTROLUMINESCENCE SHORT-CIRCUIT CURRENT CONJUGATED POLYMERS HIGH-PERFORMANCE SOLAR-CELLS SIDE-CHAINS REGIOREGULAR POLY(3-ALKYLTHIOPHENE)S CARRIER MOBILITY},
  type =     {Journal Article}
}

@Article{Liou2010,
  author =   {Liou, Guey-Sheng and Lin, Po-Han and Yen, Hung-Ju and Yu, Yang-Yen and Tsai, Tsung-Wei and Chen, Wen-Chang},
  title =    {Highly flexible and optical transparent 6F-PI/TiO2 optical hybrid films with tunable refractive index and excellent thermal stability},
  year =     {2010},
  volume =   {20},
  number =   {3},
  pages =    {531-536},
  journal =  {Journal of Materials Chemistry}
}

@Article{Lisa2010,
  author =   {Lisa, Gabriela and Curteanu, Silvia and Lisa, Catalin},
  title =    {Artificial neural network for prediction of excess refractive indices of some binary mixtures},
  year =     {2010},
  volume =   {9},
  number =   {4},
  pages =    {483-487},
  note =     {Times Cited: 2 Curteanu, Silvia/D-7347-2011; Lisa, Gabriela/B-9516-2011 Curteanu, Silvia/0000-0002-5281-1265; 0 2},
  issn =     {1582-9596},
  journal =  {Environmental Engineering and Management Journal},
  type =     {Journal Article}
}

@Article{Liu2008c,
  author =   {Liu, H. P. and Blakey, I. and Conley, W. E. and George, G. A. and Hill, D. J. T. and Whittaker, A. K.},
  title =    {Application of quantitative structure property relationship to the design of high refractive index 193i resist},
  year =     {2008},
  volume =   {7},
  number =   {2},
  note =     {Times Cited: 6 Liu, Heping Blakey, Idriss Conley, Willard E. George, Graeme A. Hill, David J. T. Whittaker, Andrew K. 6},
  issn =     {1932-5150},
  doi =      {10.1117/1.2908937},
  journal =  {Journal of Micro-Nanolithography Mems and Moems},
  keywords = {quantitative structure property relationship (QSPR) rational design refractive index polymer 193-nm immersion lithography sulfur NM IMMERSION LITHOGRAPHY GLASS-TRANSITION TEMPERATURES ORGANIC-COMPOUNDS QSPR TREATMENT POLYMERS PREDICTION},
  type =     {Journal Article}
}


@Article{Ma2016,
  author =   {Ma, H. Y. and Wang, T. L. and Chang, P. Y. and Yang, C. H.},
  title =    {High Refractive Organic-Inorganic Hybrid Films Prepared by Low Water Sol-Gel and UV-Irradiation Processes},
  year =     {2016},
  volume =   {6},
  number =   {3},
  journal =  {Nanomaterials}
}

@Article{Macdonald2014,
  author =   {Macdonald, Emily K. and Shaver, Michael P.},
  title =    {Intrinsic high refractive index polymers},
  year =     {2014},
  pages =    {n/a-n/a},
  issn =     {1097-0126},
  doi =      {10.1002/pi.4821},
  journal =  {Polymer International},
  keywords = {high refractive index polymer intrinsic optical materials heteroatom polymers metallopolymers},
  type =     {Journal Article}
}

@Article{Maheswara2010,
  author =   {Maheswara, M. and Oh, S. H. and Ju, J. J. and Park, S. K. and Park, S. and Do, J. Y.},
  title =    {High refractive index of transparent acrylate polymers functionalized with alkyl sulfur groups},
  year =     {2010},
  volume =   {42},
  number =   {3},
  pages =    {249-255},
  note =     {Times Cited: 3 Maheswara, Muchchintala Oh, Sang-Hyun Ju, Jung-Jin Park, Seung Koo Park, Suntak Do, Jung Yun 3},
  issn =     {0032-3896},
  doi =      {10.1038/pj.2009.328},
  journal =  {Polymer Journal},
  keywords = {high refractive index optical materials sulfur acrylate transparent film HIGH ABBES NUMBER OPTICAL-PROPERTIES DEVICES COMPONENTS SULFONE)S RESINS},
  type =     {Journal Article}
}

@Article{Mori-Sanchez2003,
  author =   {Mori-Sánchez, Paula and Wu, Qin and Yang, Weitao},
  title =    {Accurate polymer polarizabilities with exact exchange density-functional theory},
  year =     {2003},
  volume =   {119},
  number =   {21},
  pages =    {11001-11004},
  journal =  {The Journal of Chemical Physics},
  keywords = {polarisability density functional theory}
}

@Article{Seesukphronrarak2007,
  author =   {Seesukphronrarak, S. and Kawasaki, S. and Kobori, K. and Takata, T.},
  title =    {Synthesis of fluorene-based high performance polymers. I. Poly(arylene thioether)s with excellent solubility and high refractive index},
  year =     {2007},
  volume =   {45},
  number =   {14},
  pages =    {3073-3082},
  note =     {Times Cited: 33 Seesukphronrarak, Surasak Kawasaki, Shinichi Kobori, Kana Takata, Toshikazu 33},
  issn =     {0887-624X},
  doi =      {10.1002/pola.22063},
  journal =  {Journal of Polymer Science Part a-Polymer Chemistry},
  keywords = {fluorene skeleton optical property poly(arylene thioether) solubility thermal stability ETHER KETONE) COMPOSITES SULFONE)S DITHIOLS UNITS},
  type =     {Journal Article}
}

@Article{Yang1994,
  author =  {Yang, Chen Jen and Jenekhe, Samson A.},
  title =   {Effects of Structure on Refractive Index of Conjugated Polyimines},
  year =    {1994},
  volume =  {6},
  number =  {2},
  pages =   {196-203},
  issn =    {0897-4756},
  doi =     {10.1021/cm00038a016},
  journal = {Chemistry of Materials},
  type =    {Journal Article}
}

@Article{Yu2007a,
  author =   {Yu, X. L. and Yi, B. and Wang, X. Y.},
  title =    {Prediction of refractive index of vinyl polymers by using density functional theory},
  year =     {2007},
  volume =   {28},
  number =   {14},
  pages =    {2336-2341},
  note =     {Times Cited: 20 Yu, Xinliang Yi, Bing Wang, Xueye 22},
  issn =     {0192-8651},
  doi =      {10.1002/jcc.20752},
  journal =  {Journal of Computational Chemistry},
  keywords = {DFT polymer QSPR quantum chemical descriptors refractive index GLASS-TRANSITION TEMPERATURES LINEAR-POLYMERS QSPR MODEL},
  type =     {Journal Article}
}


@Article{Angione2011,
  author =   {Angione, Maria D. and Pilolli, Rosa and Cotrone, Serafina and Magliulo, Maria and Mallardi, Antonia and Palazzo, Gerardo and Sabbatini, Luigia and Fine, Daniel and Dodabalapur, Ananth and Cioffi, Nicola and Torsi, Luisa},
  title =    {Carbon based materials for electronic bio-sensing},
  year =     {2011},
  volume =   {14},
  number =   {9},
  pages =    {424-433},
  issn =     {1369-7021},
  doi =      {http://dx.doi.org/10.1016/S1369-7021(11)70187-0},
  journal =  {Materials Today},
  type =     {Journal Article}
}

@Article{Barikani2000,
  author =  {Barikani, Mehdi and Mehdipour–Ataei, Shahram},
  title =   {Synthesis, characterization, and thermal properties of novel arylene sulfone ether polyimides and polyamides},
  year =    {2000},
  volume =  {38},
  number =  {9},
  pages =   {1487-1492},
  journal = {Journal of Polymer Science Part A: Polymer Chemistry}
}

@Article{Butnaru2013,
  author =   {Butnaru, Irina and Bruma, Maria and Kopnick, Thomas and Stumpe, Joachim},
  title =    {Influence of Chemical Structure on the Refractive Index of Imide-Type Polymers},
  year =     {2013},
  volume =   {214},
  number =   {21},
  pages =    {2454-2464},
  issn =     {1521-3935},
  doi =      {10.1002/macp.201300309},
  journal =  {Macromolecular Chemistry and Physics},
  keywords = {high refractive indices imide-type polymers optical properties thermal stability},
  type =     {Journal Article}
}

@Article{Carter2001,
  author =  {Carter, Kenneth R and DiPietro, Richard A and Sanchez, Martha I and Swanson, Sally A},
  title =   {Nanoporous polyimides derived from highly fluorinated polyimide/poly (propylene oxide) copolymers},
  year =    {2001},
  volume =  {13},
  number =  {1},
  pages =   {213-221},
  journal = {Chemistry of materials}
}

@Article{Chang2006,
  author =  {Chang, Chih-Ming and Chang, Cheng-Liang and Chang, Chao-Ching},
  title =   {Synthesis and optical properties of soluble polyimide/titania hybrid thin films},
  year =    {2006},
  volume =  {291},
  number =  {12},
  pages =   {1521-1528},
  journal = {Macromolecular Materials and Engineering}
}

@Article{Duesselberg2011,
  author =  {Düsselberg, David and Verreault, Dominique and Koelsch, Patrick and Staudt, Claudia},
  title =   {Synthesis and characterization of novel, soluble sulfur-containing copolyimides with high refractive indices},
  year =    {2011},
  volume =  {46},
  number =  {14},
  pages =   {4872-4879},
  issn =    {0022-2461},
  doi =     {10.1007/s10853-011-5399-6},
  journal = {Journal of Materials Science},
  type =    {Journal Article}
}

@Article{Fukuzaki2010,
  author =  {Fukuzaki, Namiko and Higashihara, Tomoya and Ando, Shinji and Ueda, Mitsuru},
  title =   {Synthesis and characterization of highly refractive polyimides derived from thiophene-containing aromatic diamines and aromatic dianhydrides},
  year =    {2010},
  volume =  {43},
  number =  {4},
  pages =   {1836-1843},
  journal = {Macromolecules}
}

@Article{Hachmann2014,
  author =   {Hachmann, Johannes and Olivares-Amaya, Roberto and Jinich, Adrian and Appleton, Anthony L. and Blood-Forsythe, Martin A. and Seress, Laszlo R. and Roman-Salgado, Carolina and Trepte, Kai and Atahan-Evrenk, Sule and Er, Suleyman and Shrestha, Supriya and Mondal, Rajib and Sokolov, Anatoliy and Bao, Zhenan and Aspuru-Guzik, Alan},
  title =    {Lead candidates for high-performance organic photovoltaics from high-throughput quantum chemistry - the Harvard Clean Energy Project},
  year =     {2014},
  volume =   {7},
  number =   {2},
  pages =    {698-704},
  issn =     {1754-5692},
  doi =      {10.1039/C3EE42756K},
  journal =  {Energy \& Environmental Science},
  type =     {Journal Article}
}

@Article{Kobayashi1998,
  author =  {Kobayashi, Junya and Matsuura, Tohru and Hida, Yasuhiro and Sasaki, Shigekuni and Maruno, Tohru},
  title =   {Fluorinated polyimide waveguides with low polarization-dependent loss and their applications to thermooptic switches},
  year =    {1998},
  volume =  {16},
  number =  {6},
  pages =   {1024},
  journal = {Journal of lightwave technology}
}

@Article{Liu2007a,
  author =  {Liu, Jin-gang and Nakamura, Yasuhiro and Ogura, Tomohito and Shibasaki, Yuji and Ando, Shinji and Ueda, Mitsuru},
  title =   {Optically transparent sulfur-containing polyimide- TiO2 nanocomposite films with high refractive index and negative pattern formation from poly (amic acid)- TiO2 nanocomposite film},
  year =    {2007},
  volume =  {20},
  number =  {1},
  pages =   {273-281},
  journal = {Chemistry of Materials}
}

@Article{Liu2007b,
  author =  {Liu, Jin-gang and Nakamura, Yasuhiro and Shibasaki, Yuji and Ando, Shinji and Ueda, Mitsuru},
  title =   {Synthesis and Characterization of High Refractive Index Polyimides Derived from 4, 4 [variant prime]-(p-Phenylenedisulfanyl) dianiline and Various Aromatic Tetracarboxylic Dianhydrides},
  year =    {2007},
  volume =  {39},
  number =  {6},
  pages =   {543},
  journal = {Polymer journal}
}

@Article{Liu2008b,
  author =   {Liu, J. G. and Nakamura, Y. and Ogura, T. and Shibasaki, Y. and Ando, S. and Ueda, M.},
  title =    {Optically transparent sulfur-containing polyimide-TiO(2) nanocomposite films with high refractive index and negative pattern formation from poly(amic acid)-TiO(2) nanocomposite film},
  year =     {2008},
  volume =   {20},
  number =   {1},
  pages =    {273-281},
  note =     {Times Cited: 92 Liu, Jin-Gang Nakamura, Yasuhiro Ogura, Tomohito Shibasaki, Yuji Ando, Shinji Ueda, Mitsuru 93},
  issn =     {0897-4756},
  doi =      {10.1021/cm071430s},
  journal =  {Chemistry of Materials},
  keywords = {AROMATIC DIANHYDRIDES SOLUBLE POLYIMIDES ALICYCLIC DIANHYDRIDE DIAZONAPHTHOQUINONE COEFFICIENTS COPOLYMERS PRECURSOR GENERATOR POLYMERS},
  type =     {Journal Article}
}

@Article{Mathews2007,
  author =  {Mathews, Anu Stella and Kim, Il and Ha, Chang-Sik},
  title =   {Synthesis, characterization, and properties of fully aliphatic polyimides and their derivatives for microelectronics and optoelectronics applications},
  year =    {2007},
  volume =  {15},
  number =  {2},
  pages =   {114-128},
  journal = {Macromolecular Research}
}

@Book{Mittal2013,
  author =    {Mittal, Kashmiri Lal},
  title =     {Polyimides: synthesis, characterization, and applications},
  year =      {2013},
  volume =    {1},
  publisher = {Springer Science \& Business Media}
}

@Article{Privalko1997,
  author =   {Privalko, Valery P. and Pedosenko, Alexey V.},
  title =    {Molecular packing density in the crystalline state of semi-rigid chain polymers. I: Polyimides},
  year =     {1997},
  volume =   {37},
  number =   {6},
  pages =    {978-982},
  journal =  {Polymer Engineering \& Science},
  type =     {Journal Article}
}

@Article{Sawada1998,
  author =  {Sawada, Takashi and Ando, Shinji},
  title =   {Synthesis, characterization, and optical properties of metal-containing fluorinated polyimide films},
  year =    {1998},
  volume =  {10},
  number =  {11},
  pages =   {3368-3378},
  journal = {Chemistry of materials}
}

@Article{Sydlik2011,
  author =  {Sydlik, Stefanie A and Chen, Zhihua and Swager, Timothy M},
  title =   {Triptycene polyimides: soluble polymers with high thermal stability and low refractive indices},
  year =    {2011},
  volume =  {44},
  number =  {4},
  pages =   {976-980},
  journal = {Macromolecules}
}

@Article{Terraza2008,
  author =  {Terraza, Claudio A and Liu, Jin-Gang and Nakamura, Yasuhiro and Shibasaki, Yuji and Ando, Shinji and Ueda, Mitsuru},
  title =   {Synthesis and properties of highly refractive polyimides derived from fluorene-bridged sulfur-containing dianhydrides and diamines},
  year =    {2008},
  volume =  {46},
  number =  {4},
  pages =   {1510-1520},
  journal = {Journal of Polymer Science Part A: Polymer Chemistry}
}

@Article{Tsai2016,
  author =   {Tsai, Chia-Liang and Yen, Hung-Ju and Liou, Guey-Sheng},
  title =    {Highly transparent polyimide hybrids for optoelectronic applications},
  year =     {2016},
  volume =   {108},
  pages =    {2-30},
  journal =  {Reactive and Functional Polymers},
  keywords = {Polyimide Hybrid material TiO2 ZrO2 silver nanowire}
}

@Article{Yeo2015,
  author =  {Yeo, Hyeonuk and Lee, Jiye and Goh, Munju and Ku, Bon-Cheol and Sohn, Honglae and Ueda, Mitsuru and You, Nam-Ho},
  title =   {Synthesis and characterization of high refractive index polyimides derived from 2, 5-Bis (4-Aminophenylenesulfanyl)-3, 4-Ethylenedithiothiophene and aromatic dianhydrides},
  year =    {2015},
  volume =  {53},
  number =  {7},
  pages =   {944-950},
  journal = {Journal of Polymer Science Part A: Polymer Chemistry}
}

@Article{You2008,
  author =  {You, Nam-Ho and Suzuki, Yasuo and Yorifuji, Daisuke and Ando, Shinji and Ueda, Mitsuru},
  title =   {Synthesis of high refractive index polyimides derived from 1, 6-bis (p-aminophenylsulfanyl)-3, 4, 8, 9-tetrahydro-2, 5, 7, 10-tetrathiaanthracene and aromatic dianhydrides},
  year =    {2008},
  volume =  {41},
  number =  {17},
  pages =   {6361-6366},
  journal = {Macromolecules}
}

@Article{Yu1995,
  author =  {Yu, Dong and Gharavi, Ali and Yu, Luping},
  title =   {Novel Aromatic Polyimides for Nonlinear Optics},
  year =    {1995},
  volume =  {117},
  number =  {47},
  pages =   {11680-11686},
  journal = {Journal of the American Chemical Society}
}

@Article{Terui2004,
  author =   {Terui, Y. and Ando, S.},
  title =    {Coefficients of molecular packing and intrinsic birefringence of aromatic polyimides estimated using refractive indices and molecular polarizabilities},
  journal =  {Journal of Polymer Science Part B-Polymer Physics},
  year =     {2004},
  volume =   {42},
  number =   {12},
  pages =    {2354-2366},
  note =     {Times Cited: 27 Terui, Y Ando, S 28},
  doi =      {10.1002/polb.20114},
  issn =     {0887-6266},
}


@article{Afzal2018a,
author = {Afzal, M. A. F. and Cheng, C. and Hachmann, J.},
title = {Combining first-principles and data modeling for the accurate prediction of the refractive index of organic polymers},
journal = {The Journal of Chemical Physics},
volume = {148},
number = {24},
pages = {241712},
year = {2018},
doi = {10.1063/1.5007873}
}

@article{Hachmann2018,
author = {Hachmann, J. and Afzal, M. A. F. and Haghighatlari, M. and Pal, Y.},
title = {Building and deploying a cyberinfrastructure for the data-driven design of chemical systems and the exploration of chemical space},
journal = {Molecular Simulation},
volume = {0},
number = {0},
pages = {1-10},
year  = {2018},
publisher = {Taylor & Francis}
}

@misc{Afzal2018b,
  author = {Afzal, M.A.F. and Hachmann, J.},
  title = {{ChemLG: A smart and massively parallel molecular library generator}},
  year = {2018},
  publisher = {GitHub},
  journal = {GitHub repository},
  howpublished = {\url{https://github.com/hachmannlab/chemlg}}
}

@misc{Afzal2018c,
  author = {Afzal, M.A.F. and Hachmann, J.},
  title = {ChemHTPS: A vitual high-throughput screening infrastructure for the automatation of materials discovery},
  year = {2018},
  publisher = {GitHub},
  journal = {GitHub repository},
  howpublished = {\url{https://github.com/hachmannlab/chemhtps}}
}

@misc{Haghighatlari2017,
  author = {Haghighatlari, M. and Subramanian, R. and Urala, B. and Vishwakarma, G. and Sonpal, A. and Chen, P. and Setlur, S. and Hachmann, J.},
  title = {ChemML: A machine learning and informatics program suite for the chemical and materials sciences},
  year = {2017},
  publisher = {GitHub},
  journal = {GitHub repository},
  howpublished = {\url{https://github.com/hachmannlab/chemml}}
}

@misc{Shirish2018,
  author = {Shirish, S. and Aditya, S. and Afzal, M.A.F. and Hachmann, J.},
  title = {ChemBDDB: A big data database program suite for the chemical and materials sciences},
  year = {2018},
  publisher = {GitHub},
  journal = {GitHub repository},
  howpublished = {\url{https://github.com/hachmannlab/chembddb}}
}

@misc{Afzal2018d,
  author = {Afzal, M. A. F. and Younker, J. and Rodriguez, G.},
  title = {The effect of tacticity and side chain structure on the coil dimensions of polyolefins},
  year = {2018},
  howpublished = {Internship Report}
}

@article{Wang2004,
   Author = {Wang, Junmei and Wolf, Romain M. and Caldwell, James W. and Kollman, Peter A. and Case, David A.},
   Title = {Development and testing of a general amber force field},
   Journal = {Journal of Computational Chemistry},
   Volume = {25},
   Number = {9},
   Pages = {1157-1174},
   Year = {2004} }


@article{Beredsen1995,
   Author = {Berendsen, H. J. C. and van der Spoel, D. and van Drunen, R.},
   Title = {GROMACS: A message-passing parallel molecular dynamics implementation},
   Journal = {Computer Physics Communications},
   Volume = {91},
   Number = {1},
   Pages = {43-56},
   Year = {1995} }



@article{Micheal1993,
   Author = {Schmidt, Michael W. and Baldridge, Kim K. and Boatz, Jerry A. and Elbert, Steven T. and Gordon, Mark S. and Jensen, Jan H. and Koseki, Shiro and Matsunaga, Nikita and Nguyen, Kiet A. and Su, Shujun and Windus, Theresa L. and Dupuis, Michel and Montgomery, John A.},
   Title = {General atomic and molecular electronic structure system},
   Journal = {Journal of Computational Chemistry},
   Volume = {14},
   Number = {11},
   Pages = {1347-1363},
      Year = {1993} }

@article{Kwan2009,
  title={Packing density measurement and modelling of fine aggregate and mortar},
  author={Kwan, AKH and Fung, WWS},
  journal={Cement and Concrete Composites},
  volume={31},
  number={6},
  pages={349--357},
  year={2009},
  publisher={Elsevier}
}

@incollection{Montavon2012,
title = {Learning Invariant Representations of Molecules for Atomization Energy Prediction},
author = {Montavon, Gr\'{e}goire and Katja Hansen and Siamac Fazli and Matthias Rupp and Franziska Biegler and Andreas Ziehe and Tkatchenko, Alexandre and Anatole V. Lilienfeld and M\"{u}ller, Klaus-Robert},
booktitle = {Advances in Neural Information Processing Systems 25},
editor = {F. Pereira and C. J. C. Burges and L. Bottou and K. Q. Weinberger},
pages = {440--448},
year = {2012},
publisher = {Curran Associates, Inc.},
}


@article{Simon1993,
   Author = {Simon, Vera and Gasteiger, Johann and Zupan, Jure},
   Title = {A combined application of two different neural network types for the prediction of chemical reactivity},
   Journal = {Journal of the American Chemical Society},
   Volume = {115},
   Number = {20},
   Pages = {9148-9159},
      Year = {1993} }



@article{Karthikeyan2005,
   Author = {Karthikeyan, M. and Glen, R. C. and Bender, A.},
   Title = {General melting point prediction based on a diverse compound data set and artificial neural networks},
   Journal = {Journal of Chemical Information and Modeling},
   Volume = {45},
   Number = {3},
   Pages = {581-590},
      Year = {2005} }



@article{Gharagheizi2007,
   Author = {Gharagheizi, Farhad},
   Title = {QSPR analysis for intrinsic viscosity of polymer solutions by means of GA-MLR and RBFNN},
   Journal = {Computational materials science},
   Volume = {40},
   Number = {1},
   Pages = {159-167},
      Year = {2007} }



@article{Huuskonen1998,
   Author = {Huuskonen, Jarmo and Salo, Marja and Taskinen, Jyrki},
   Title = {Aqueous solubility prediction of drugs based on molecular topology and neural network modeling},
   Journal = {Journal of chemical information and computer sciences},
   Volume = {38},
   Number = {3},
   Pages = {450-456},
      Year = {1998} }

@article{Tanio1994,
   Author = {Tanio, Norihisa and Irie, Masahiro},
   Title = {Refractive index of organic photochromic dye-amorphous polymer composites},
   Journal = {Japanese journal of applied physics},
   Volume = {33},
   Number = {7R},
   Pages = {3942},
      Year = {1994} }



@article{Sheu1989,
   Author = {Sheu, FR and Chern, RT},
   Title = {Effects of packing density on the gas-transport properties of poly (phenolphthalein phthalate) s},
   Journal = {Journal of Polymer Science Part B: Polymer Physics},
   Volume = {27},
   Number = {5},
   Pages = {1121-1133},
      Year = {1989} }

@article{Piacenza1996,
   Author = {Piacenza, G. and LegsaÃ¯, G. and Blaive, B. and Gallo, R.},
   Title = {Molecular volumes and densities of liquids and solids by molecular mechanicsâ€”estimation and analysis},
   Journal = {Journal of Physical Organic Chemistry},
   Volume = {9},
   Number = {6},
   Pages = {427-432},
   Year = {1996} }


@article{Swenson1996,
   Author = {Swenson, J. and Börjesson, L.},
   Title = {Correlation between Free Volume and Ionic Conductivity in Fast Ion Conducting Glasses},
   Journal = {Physical Review Letters},
   Volume = {77},
   Number = {17},
   Pages = {3569-3572},
      Year = {1996} }

@article{Shen2015,
   Author = {Shen, Y. and He, X. X. and Hung, F. R.},
   Title = {Structural and Dynamical Properties of a Deep Eutectic Solvent Confined Inside a Slit Pore},
   Journal = {Journal of Physical Chemistry C},
   Volume = {119},
   Number = {43},
   Pages = {24489-24500},
      Year = {2015} }
	  
@article{Wang2006a,
   Author = {Wang, J. and Wang, W. and Kollman, P. A. and Case, D. A.},
   Title = {Automatic atom type and bond type perception in molecular mechanical calculations},
   Journal = {J Mol Graph Model},
   Volume = {25},
   Number = {2},
   Pages = {247-60},
   Year = {2006} }

@Article{Mosley1994,
  author =  {Mosley, David H. and Fripiat, Joseph G. and Champagne, Beno{\^i}t and Andr{{\'e}}, Jean-Marie},
  title =   {Ab initio investigation of the static polarizability of planar and twisted infinite polythiophene chains},
  journal = {International Journal of Quantum Chemistry},
  year =    {1994},
  volume =  {52},
  number =  {S28},
  pages =   {451-467},
  type =    {Journal Article}
}

@Article{Tojo2013,
  author =   {Tojo, Y. and Arakwa, Y. and Watanabe, J. and Konishi, G.},
  title =    {Synthesis of high refractive index and low-birefringence acrylate polymers with a tetraphenylethane skeleton in the side chain},
  journal =  {Polymer Chemistry},
  year =     {2013},
  volume =   {4},
  number =   {13},
  pages =    {3807-3812},
  type =     {Journal Article},
}

@Article{Zhang2014,
  author =   {Zhang, Q. Y. and Su, K. and Chan-Park, M. B. and Wu, H. and Wang, D. A. and Xu, R.},
  title =    {{Development of high refractive ZnS/PVP/PDMAA hydrogel nanocomposites for artificial cornea implants}},
  journal =  {Acta Biomaterialia},
  year =     {2014},
  volume =   {10},
  number =   {3},
  pages =    {1167-1176},
  type =     {Journal Article}
}

@Article{Ho2009,
  author =   {Ho, W. F. and Uddin, M. A. and Chan, H. P.},
  title =    {The stability of high refractive index polymer materials for high-density planar optical circuits},
  journal =  {Polymer Degradation and Stability},
  year =     {2009},
  volume =   {94},
  number =   {2},
  pages =    {158-161},
  type =     {Journal Article}
}

@Article{Redmond2011,
  author =   {Redmond, Haley and Thompson, Jonathan E.},
  title =    {{Evaluation of a quantitative structure-property relationship (QSPR) for predicting mid-visible refractive index of secondary organic aerosol (SOA)}},
  journal =  {Physical Chemistry Chemical Physics},
  year =     {2011},
  volume =   {13},
  number =   {15},
  pages =    {6872-6882},
  type =     {Journal Article}
}

@Article{Bondi1964,
  author =  {Bondi, A.},
  title =   {van der {Waals} Volumes and Radii},
  journal = {The Journal of Physical Chemistry},
  year =    {1964},
  volume =  {68},
  number =  {3},
  pages =   {441-451},
  type =    {Journal Article}
}

@article{smola2004,
author = {Smola, Alex J. and Sch{\"{o}}lkopf},
journal = {Statistics and Computing},
pages = {199--222},
title = {{A tutorial on support vector regression}},
volume = {14},
year = {2004}
}

@inproceedings{drucker1997,
  title={Support vector regression machines},
  author={Drucker, Harris and Burges, Christopher J.C. and Kaufman, Linda and Smola, Alex J. and Vapnik, Vladimir},
  booktitle={Advances in Neural Information Processing Systems},
  pages={155--161},
  year={1997}
}

@inproceedings{Boser1992,
 author = {Boser, Bernhard E. and Guyon, Isabelle M. and Vapnik, Vladimir N.},
 title = {A Training Algorithm for Optimal Margin Classifiers},
 booktitle = {Proceedings of the Fifth Annual Workshop on Computational Learning Theory},
 series = {COLT '92},
 year = {1992},
 isbn = {0-89791-497-X},
 location = {Pittsburgh, PA},
 pages = {144--152},
 numpages = {9},
 doi = {10.1145/130385.130401},
 publisher = {ACM},
 address = {New York, NY}
}


@Article{Takasaki2000,
  author =  {Takasaki, Toshihiko and Kuwana, Yasuhiro and Takahashi, Toru and Hayashida, Shigeru},
  title =   {Synthesis and optical properties of polyimides},
  journal = {Journal of Polymer Science Part A: Polymer Chemistry},
  year =    {2000},
  volume =  {38},
  number =  {S1},
  pages =   {4832-4838},
  type =    {Journal Article}
}


@Article{Takano2010,
  author =   {Takano, T. and Lin, Y. C. and Shi, F. G. and Carlson, B. and Sciamanna, S.},
  title =    {Novel methacrylated diamondoid to produce high-refractive index polymer},
  journal =  {Optical Materials},
  year =     {2010},
  volume =   {32},
  number =   {5},
  pages =    {648-651},
  type =     {Journal Article}
}


@Article{Namikoshi2014,
  author =   {Namikoshi, Takeshi and Hashimoto, Tamotsu and Makino, Yusuke and Imaeda, Tsuguto and Urushisaki, Michio and Sakaguchi, Toshikazu},
  title =    {Synthesis and properties of poly(2-adamantyl vinyl ether)-based optical plastics},
  journal =  {Polymer Bulletin},
  year =     {2014},
  volume =   {71},
  number =   {6},
  pages =    {1389-1402},
  keywords = {Cationic polymerization Vinyl ether Copolymers Adamantane Optical plastics},
  type =     {Journal Article},
}

@Article{Gunawan2014,
  author =  {Gunawan, Maria A and Hierso, Jean-Cyrille and Poinsot, Didier and Fokin, Andrey A and Fokina, Natalie A and Tkachenko, Boryslav A and Schreiner, Peter R},
  title =   {Diamondoids: functionalization and subsequent applications of perfectly defined molecular cage hydrocarbons},
  journal = {New Journal of Chemistry},
  year =    {2014},
  volume =  {38},
  number =  {1},
  pages =   {28-41},
  type =    {Journal Article}
}

@Article{Jim2009a,
  author =   {Jim, C. K. W. and Qin, A. J. and Lam, J. W. Y. and Haussler, M. and Liu, J. Z. and Yuen, M. M. F. and Kim, J. K. and Ng, K. M. and Tang, B. Z.},
  title =    {Facile Polycyclotrimerization of "Simple" Arylene Bipropiolates: A Metal-Free, Regioselective Route to Functional Hyperbranched Polymers with High Optical Transparency, Tunable Refractive Index, Low Chromatic Aberration, and Photoresponsive Patternability},
  journal =  {Macromolecules},
  year =     {2009},
  volume =   {42},
  number =   {12},
  pages =    {4099-4109},
  type =     {Journal Article}
}


@Article{Lin2010a,
  author =   {Lin, Z. and Cheng, Y. R. and Lu, H. and Zhang, L. A. and Yang, B.},
  title =    {Preparation and characterization of novel ZnS/sulfur-containing polymer nanocomposite optical materials with high refractive index and high nanophase contents},
  journal =  {Polymer},
  year =     {2010},
  volume =   {51},
  number =   {23},
  pages =    {5424-5431},
  type =     {Journal Article},
}

@Article{Mosley2014,
  author =   {Mosley, D. W. and Khanarian, G. and Conner, D. M. and Thorsen, D. L. and Zhang, T. L. and Wills, M.},
  title =    {High Refractive Index Thermally Stable Phenoxyphenyl and Phenylthiophenyl Silicones for Light-Emitting Diode Applications},
  journal =  {Journal of Applied Polymer Science},
  year =     {2014},
  volume =   {131},
  number =   {3},
  type =     {Journal Article}
}

@book{Anderson1987,
  title={SMILES, a line notation and computerized interpreter for chemical structures},
  author={Anderson, Eric and Veith, Gilman D and Weininger, David},
  year={1987},
  publisher={US Environmental Protection Agency, Environmental Research Laboratory}
}


@Article{Ortyl2003,
  author =   {Ortyl, E. and Kucharski, S.},
  title =    {Refractive index modulation in polymeric photochromic films},
  journal =  {Central European Journal of Chemistry},
  year =     {2003},
  volume =   {1},
  number =   {2},
  pages =    {137-159},
  type =     {Journal Article},
}

@Article{Baev2007,
  author =   {Baev, A. and Samoc, M. and Prasad, P. N. and Krykunov, M. and Autschbach, J.},
  title =    {A quantum chemical approach to the design of chiral negative index materials},
  journal =  {Optics Express},
  year =     {2007},
  volume =   {15},
  number =   {9},
  pages =    {5730-5741},
  type =     {Journal Article}
}

@Article{Asai2011,
  author =   {Asai, K. and Konishi, G. I. and Sumi, K. and Mizuno, K.},
  title =    {Synthesis of silyl-functionalized oligothiophene-based polymers with bright blue light-emission and high refractive index},
  journal =  {Journal of Organometallic Chemistry},
  year =     {2011},
  volume =   {696},
  number =   {6},
  pages =    {1236-1243},
  type =     {Journal Article}
}

@article{Grimme2006,
  title={Semiempirical hybrid density functional with perturbative second-order correlation},
  author={Grimme, Stefan},
  journal={The Journal of chemical physics},
  volume={124},
  number={3},
  pages={034108},
  year={2006},
  publisher={AIP}
}

@article{Bhagat2015,
  title={High Refractive Index Polymer Composites Synthesized by Cross-Linking of Oxozirconium Clusters Through Thiol-Ene Polymerization},
  author={Bhagat, Sharad D and Filho, Edmundo Bello Da Silva and Stiegman, Albert E},
  journal={Macromolecular Materials and Engineering},
  volume={300},
  number={6},
  pages={580--585},
  year={2015},
  publisher={Wiley Online Library}
}

@misc{Bhagat2017,
  title={High refractive index materials},
  author={Bhagat, Sharad D},
  year={2017},
  month=apr # "~6",
  publisher={Google Patents},
  note={US Patent App. 15/282,891}
}

@misc{Bhagat2018,
  title={Monolithic high refractive index photonic devices},
  author={Bhagat, Sharad D and Peroz, Christophe and Singh, Vikramjit and Xu, Frank Y},
  year={2018},
  month=mar # "~1",
  publisher={Google Patents},
  note={US Patent App. 15/684,530}
}

@comment{BibDesk Smart Groups{
<?xml version="1.0" encoding="UTF-8"?>
<!DOCTYPE plist PUBLIC "-//Apple Computer//DTD PLIST 1.0//EN" "http://www.apple.com/DTDs/PropertyList-1.0.dtd">
<plist version="1.0">
<array/>
</plist>
}}
